%% This BibTeX bibliography file was created using BibDesk.
%% http://bibdesk.sourceforge.net/


%% Created for Gabriel at 2009-08-24 18:40:21 +0200 


%% Saved with string encoding Western (ASCII) 



@other{RennardOrg,
	Author = {Rennard, Jean-Philippe},
	Date-Added = {2009-08-24 18:35:41 +0200},
	Date-Modified = {2009-08-24 18:35:41 +0200},
	Keywords = {artificial life,artificial life},
	Title = {http://www.rennard.org/},
	Url = {http://www.rennard.org/}}

@book{BearDarwin03,
	Abstract = {Greg Bear LES ENFANTS DE DARWIN
Collection Ailleurs&Demain (Robert Laffont)
[DARWIN'S CHILDREN 2003, traduit en 2003]
ISBN 2-221-09936-2 [orig 345-44835-9]

R{\'e}sum{\'e} : 
	<<Onze ans apr{\`e}s les {\'e}v{\'e}nements relat{\'e}s dans L'Echelle de Darwin, que sonr devenus les enfants de SHEVA, ces mutants dont l'esp{\`e}ce remplacera peut-{\^e}tre l'homo sapiens sapiens ? 
	Et d'abord Stella, la fille de Kaye, la g{\'e}n{\'e}ticienne qui la premi{\`e}re a compris ce saut brutal de l'{\'e}volution, et de Mitch, le pal{\'e}ontologue qui a d{\'e}couvert les vestiges du passage comparable {\`a} celui qui va du n{\'e}andertalien {\`a} l'homme moderne ? 
	Provisoirement moderne. 
	Les semblables de Stella sont redout{\'e}s parce que diff{\'e}rents et parce qu'on les soup{\c c}onne d'abriter de redoutables virus. Pourchass{\'e}s, regroup{\'e}s dans des "{\'e}coles" qui sont en fait des camps, ils sont menac{\'e}s d'extermination par les plus violents des extr{\'e}mistes. L'Am{\'e}rique, parce qu'elle a peur, semble devenue folle. La plupart de ses politiciens, {\`a} leur habitude, suivent l'opinion et parfois tentent de la devancer pour prot{\'e}ger leurs int{\'e}r{\^e}ts en choisissant le pire. 
	Mais certains parents des Shevites, ces enfants de Darwin, n'ont pas baiss{\'e} les bras, ils les cachent, les prot{\`e}gent jusque dans les camps. M{\^e}me s'ils ne comprennent pas ces enfants qui sont les leurs et qui ne leurs ressemblent pas. Ces enfants qui essaient de se cr{\'e}er un monde {\`a} eux. Diff{\'e}rent. Proprement ineffable. 

Un roman poignant par l'un des ma{\^\i}tres de la science-fiction contemporaine. >>

EMAC : Emergency Action : Bureau de Gestion des Urgences
NSA : National Security Agency : Agence de S{\'e}curit{\'e} Nationale
SRO : Special Reconnaissance Office : Bureau de Reconnaissance Sp{\'e}ciale
NIH : National Institute of Health : Institut National de la Sant{\'e}
FEMA : Federal Emergency Management Agency : Agence F{\'e}d{\'e}rale de gestion des Urgences
NRA : National Rifle Association : association militant pour le droit {\`a} la d{\'e}tention d'armes {\`a} feu
NCID : National Center for Infectious Deceases : Centre national des Maladies Infectieuses

LINE : Long Interspersed Nucleotide Elements : s{\'e}quences d'ADN r{\'e}p{\'e}t{\'e}es, dispers{\'e}es, apparent{\'e}es, r{\'e}parties sur l'ensemble du g{\'e}nome des vert{\'e}br{\'e}s. 
ERV : Endogenous RetroVirus : R{\'e}troVirus Endog{\`e}ne

p. 39-40 : {\'e}crits de Kaye 
	<<Le r{\^o}le de SHEVA dans la production d'une nouvelle sous-esp{\`e}ce n'est que l'une des fonctions accomplies par cette classe de virus aussi diverse qu'essentielle. Les ERV et les transposons - les g{\`e}nes sauteurs - jouent un r{\^o}le important dans la diff{\'e}rentiation et le d{\'e}veloppement des tissus. Ce sont les {\'e}motions, les crises et les changements dans l'environnement qui les activent, une vari{\'e}t{\'e} {\`a} la fois ou tous ensemble. Ils sont des m{\'e}diateurs ou des messagers entre les cellules, transportant des g{\^e}nes et des donn{\'e}es cod{\'e}es dans de nombreuses parties de l'organisme, et m{\^e}me d'un individu {\`a} l'autre. 
	Virus et transposons sont {\'e}galement apparus apr{\`e}s l'invention du sexe et peut-{\^e}tre {\`a} cause du sexe. Encore aujourd'hui, c'est le sexe qui leur fournit l'occasion de se mouvoir et de transporter de l'information. Autre hypoth{\`e}se : ils ont pu {\'e}merger durant la tumultueuse {\'e}laboration g{\'e}n{\'e}tique de notre tout premier syst{\`e}me immunitaire, {\`a} la fa{\c c}on de soldats ou de policiers livr{\'e}s {\`a} eux-m{\^e}mes. 
	Ils sont bel et bien semblables au p{\'e}ch{\'e} originel. Comment le p{\'e}ch{\'e} peut-il fa{\c c}onner notre destin{\'e}e ?>>
[...]
	<<Nous savons d{\'e}j{\`a} ceci : nous d{\'e}pendons de l'activit{\'e} des r{\'e}trovirus et des transposons lors de presque tous les stades de notre croissance. Nombre de d'entre eux sont des partenaires n{\'e}cessaires. 
	Supposer que les virus et les {\'e}l{\'e}ments transposables sont avant tout des vecteurs de maladies, c'est un peu comme supposer que la fonction premi{\`e}re des automobiles est de tuer des gens. 
	Les pathog{\`e}nes - les organismes entra{\^\i}nant des maladies - sont pareils aux hormones et autres mol{\'e}cules signal{\'e}tiques, mais leur message est le d{\'e}fi et le silence. Ils nous mettent {\`a} l'{\'e}preuve, agissant en cela comme des pr{\'e}dateurs. Ils {\'e}liminent les vieux et les faibles. Ils sculptent la vie. 
	Parfois ils terrassent aussi les jeunes et les individus sains. La nature est cruelle. La maladie et la mort font parties de nos r{\'e}actions {\`a} ses d{\'e}fis. Echouer, mourir, c'est encore participer de la nature, car le succ{\`e}s se construit sur de nombreux {\'e}checs, et le silence est aussi un signal. >>

p. 132 : Peu d'enfants SHEVA en Afrique : pr{\'e}valence du SIDA ? 

p. 144, 178-183 : contagion et mortalit{\'e} des enfants SHEVA
	Coxsackie A/B, le A est faiblement pathog{\`e}ne chez l'{\^e}tre humain normal, le B provoque des myocardites. 

p. 182 : Production de virus par les parents (esp{\`e}ce pr{\'e}c{\'e}dente).

p. 244 : hypoth{\`e}se Temin-Larson-Villareal (TLV)
	Howard T. Temin ; Eric Larsson ; Luis P. Villareal
	=> ERV qui neutralisent le syst{\`e}me immunitaire de la m{\`e}re (RetroVirus Endog{\`e}nes). 
	R{\'e}action au stress des animaux et des v{\'e}g{\'e}taux : remise dans boucle stable. 

p. 316 : Dogme initial de la biologie : passage de l'ADN {\`a} l'ARN puis aux prot{\'e}ines. McClintock, Temin, Baltimore : les r{\'e}trovirus peuvent s'ins{\'e}rer dans l'ADN et y rester sous forma de provirus. 

p. 376 : {\'e}crits de Kaye
	<<Les virus g{\'e}nomiques veulent jouer dans la cour des grands, mais ce sont de petits joueurs d{\'e}chus, aux moyens limit{\'e}s. Ils ne sont pas {\`a} la hauteur des grandes occasions, de sorte qu'ils {\'e}laborent quantit{\'e}s de petites strat{\'e}gies {\'e}nigmatiques, et les grands les tol{\`e}rent et finissent par ne plus pouvoir se passer de leurs subtilit{\'e}s...
	Les virus endog{\`e}nes sont intrins{\`e}quement faibles, mais ils s'appuient sur une autre forme d'apoptose, c'est-{\`a}-dire de suicide cellulaire programm{\'e}. Les ERV s'expriment {\`a} certaines moments et apportent des antig{\`e}nes sur la surface cellulaire. La cellule, inspect{\'e}e par les agents du syst{\`e}me immunitaire, est alors tu{\'e}e. En coordonnant l'apparition d'antig{\`e}nes sur les cellules de leur choix, les virus  ance. Certes, ils oeuvrent avant tout pour accro{\^\i}tre leur population et am{\'e}liorer leur statut au sein du g{\'e}nome {\'e}tendu. Ils accomplissent leur but en exer{\c c}ant un contr{\^o}le limit{\'e} mais persistant face {\`a} l'assaut sans cesse renouvel{\'e} du puissant syst{\`e}me immunitaire. 
	Chez les mammif{\`e}res, leur victoire est totale. Nous avons abandonn{\'e} aux virus certains des aspects les plus cruciaux de notre vie, {\`a} seule fin d'accorder {\`a} nos b{\'e}b{\'e}s le temps de se d{\'e}velopper dans la matrice plut{\^o}t que dans ce milieu confin{\'e} qu'est l'oeuf ; le temps n{\'e}cessaire {\`a} l'{\'e}laboration d'un syst{\`e}me nerveux plus sophistiqu{\'e}. Un risque calcul{\'e}. Gr{\^a}ce {\`a} cette dette, les g{\`e}nes viraux retiennent en otage toutes nos g{\'e}n{\'e}rations futures. 
	Un peu comme si nous avions accept{\'e} un pr{\^e}t de la Mafia... >>

==============================

Bref glossaire scientifique - ajouts et modifications
*idem pr{\'e}sent

* ADN
* Antibiotiques
* Anticorps
* Antig{\`e}ne

ARN	*[acide ribonucl{\'e}ique. Copie compl{\'e}mentaire et interm{\'e}diaire de l'ADN ; l'ARN messager, ou ARNm, est utilis{\'e} comme sch{\'e}ma directeur par les ribosomes pour construire des prot{\'e}ines. ] 
	Nombre de virus consistent en brins d'ARN, simples ou doubl{\'e}s, en g{\'e}n{\'e}ral transcrits en ADN au sein de l'h{\^o}te. 

* Bact{\'e}ries
* Bact{\'e}riophages

Chromosomes	
	* [arrangement d'ADN repli{\'e} et tass{\'e}. Les cellules diplo{\"\i}des de l'organisme humain ont deux groupes de vingt-trois chromosomes ; les cellules haplo{\"\i}des - sperme ou ovule - n'ont qu'un seul groupe de chromosomes. ]
	Le nombre total de chromosomes n'est pas le m{\^e}me chez les singes et chez les humains. Le nombre de chromosomes des esp{\`e}ces dites ancestrales, telles que Homo sapiens neandertalensis et Homo erectus, demeure inconnu ; l'ADN que l'on a pu extraire des sp{\'e}cimens fossiles, m{\^e}me relativement r{\'e}cents (20 000 ans environ), se limite en r{\`e}gle g{\'e}n{\'e}rale au type mitochondrien. La polyplo{\"\i}die - la pr{\'e}sence de lots de chromosomes surnum{\'e}raires - entra{\^\i}ne la naissance de rejetons st{\'e}riles ou interdit totalement la reproduction et d{\'e}finit souvent une barri{\`e}re entre esp{\`e}ces. cela devrait pr{\'e}venir toute union fertile entre un individu r{\'e}sultant de SHEVA et un humain de l'ancienne vari{\'e}t{\'e}. Apparemment, il n'en est rien. ce fait intrigue les scientifiques, qui ont lanc{\'e} des recherches sur le sujet. 

* Chromosomes sexuels
* Cro-Magnon
* El{\'e}ments mobiles
* ERV

{\^E}tre humain moderne
	* [Homo sapiens sapiens. Genre Homo, esp{\`e}ce sapiens, sous-esp{\`e}ce sapiens. ]
	Homo sapiens sapiens peut {\'e}galement se lire <<l'homme qui est sage, qui sait>>. Ou encore <<l'homme qui est discret, qui savoure>>. 

* Exons

Flairer : chez les enfants de SHEVA, terme d{\'e}signant l'action, analogue {\`a} la r{\'e}action de Flehman chez les chats, par laquelle l'air parvient {\`a} l'organe vom{\'e}ronasal, permettant la d{\'e}tection des ph{\'e}romones. Voir Vom{\'e}ronasal (organe). 

* G{\`e}ne

G{\'e}nome
	* [somme totale du mat{\'e}riel g{\'e}n{\'e}tique d'une esp{\`e}ce. ]
	Chez l'{\^e}tre humain, le g{\'e}nome semble comprendre environ trente mille g{\`e}nes - la moiti{\'e} ou le tiers du chiffre avanc{\'e} lors de la publication de L'Echelle de Darwin. 

Glycome : quantit{\'e} totale de glucides et de composants apparent{\'e}s {\`a} l'int{\'e}rieur d'une cellule. Les glucides peuvent former des liaisons avec les prot{\'e}ines et les lipides pour former les glycoprot{\'e}ines et les glycolipides. 

Herp{\`e}s : HSV-1 ou HSV-2. Virus herpes simplex, responsables de l'{\'e}ruption herp{\'e}tique et de l'herp{\`e}s g{\'e}nital. Bien que les virus de l'herp{\`e}s ne soient pas des r{\'e}trovirus, ils peuvent rester des ann{\'e}es dans les cellules nerveuses et sont souvent r{\'e}activ{\'e}s par le stress. La varicelle et sa forme r{\'e}currente, le zona ou herp{\`e}s zost{\'e}rien, sont {\'e}galement apparent{\'e}s {\`a} l'herp{\`e}s. 

* HERV
* Homme de Neandertal

Homo erectus : classification g{\'e}n{\'e}rale d'une vari{\'e}t{\'e} de fossiles du genre Homo consid{\'e}r{\'e}s comme ant{\'e}rieurs {\`a} Homo sapiens {\`a} la fois chronologiquement et du point de vue de l'{\'e}volution. Homo erectus est une esp{\`e}ce humaine ayant surv{\'e}cu avec succ{\`e}s pendant au moins un million d'ann{\'e}es. Il est probl{\'e}matique, tant sur le plan scientifique que sur le plan philosophique, de qualifier ces fossiles d'<<ancestraux>>, mais il s'agit l{\`a} d'une fa{\c c}on simple et facilement compr{\'e}hensible de d{\'e}crire une s{\'e}rie de relation des plus complexes. On trouve maintes interpr{\'e}tations de ces relations dans les textes, mais les progr{\`e}s de la g{\'e}n{\'e}tique conduiront sans nul doute {\`a} une remise en question et {\`a} une clarification g{\'e}n{\'e}rales lors des dix {\`a} vingt prochaines ann{\'e}es. 

* Introns

Lipides : compos{\'e}s organiques tels que la graisse, les huiles, le c{\'e}rumen et les st{\'e}rols. Nombre des composants structurels des cellules sont constitu{\'e}s de lipides, notamment la plus grande partie de la paroi cellulaire ou membrane. 

Lipidome : quantit{\'e} totale de lipides dans une cellule. Les lipides peuvent {\'e}galement former des alliances avec les sucres et les prot{\'e}ines. Voir {\'e}galement Glycome et Prot{\'e}ome. 

Mitochondries : organites traitant les glucides {\`a} l'int{\'e}rieur des cellules afin de produire la principale nourriture de celles-ci, l'ad{\'e}nosine triphosphate ou ATP. G{\'e}n{\'e}ralement consid{\'e}r{\'e}es comme descendant de bact{\'e}ries ayant p{\'e}n{\'e}tr{\'e} les cellules h{\^o}te il y a des millions d'ann{\'e}es et s'{\'e}tant adapt{\'e}es {\`a} ce nouveau milieu avec une grande efficience. Les mitochondries ont leurs propres boucles d'ADN constituant un g{\'e}nome distinct {\`a} l'int{\'e}rieur de chaque cellule. L'ADN mitochondrial, plus court et plus simple, est souvent une cible de choix pour l'analyse des fossiles. 

* Mutation
* Pathog{\`e}ne

PERV : R{\'e}trovirus endog{\`e}ne porcin (Porcine Endogenous RetroVirus). anciens r{\'e}trovirus pr{\'e}sents dans le g{\'e}nome des porcs. Voir ERV. ({\`A} noter que, en anglais tr{\`e}s familier, <<perv>> est une abr{\'e}viation de <<pervers>>. )

* Phage
* Ph{\'e}notype

Ph{\'e}romone : message chimique produit par le membre d'une esp{\`e}ce est influen{\c c}ant la physiologie et le comportement d'un autre membre de la m{\^e}me esp{\`e}ce. Ce message chimique a un effet similaire qu'il soit ou non consciemment per{\c c}u (par l'odorat). Chez les mammif{\`e}res, les ph{\'e}romones sont des <<odeurs sociales>>, et le membre d'une esp{\`e}ce donn{\'e}e qui y est expos{\'e} lors d'une interaction avec ses semblables voit s'alt{\'e}rer ses taux hormonaux et son comportement. Voir Vom{\'e}rophine. 

Polyplo{\"\i}die : voir Chromosome

Prot{\'e}ome : quantit{\'e} totale de prot{\'e}ines {\`a} l'int{\'e}rieur d'une cellule, d'un groupe de cellules ou d'un organisme individuel pris dans son ensemble. Diff{\'e}rents tissus produiront diff{\'e}rentes prot{\'e}ines {\`a} partir d'un ensemble de g{\`e}nes standard, et l'activation dans diff{\'e}rents tissus {\`a} diff{\'e}rents moments entra{\^\i}nera des variations substantielles dans le prot{\'e}ome d'une cellule. On peut d{\'e}terminer quels g{\`e}nes ont {\'e}t{\'e} activ{\'e}s gr{\^a}ce {\`a} l'identification des prot{\'e}ines et autres produits des g{\`e}nes. Voir Glycome et Lipidome. 

* Provirus

Radiologie : ensemble des techniques permettant d'obtenir des images de l'int{\'e}rieur du corps, tels que les rayons X, la TEP (Tomographie par Emission de Positions), l'IRM (Imagerie par R{\'e}sonance Magn{\'e}tique), la tomographie axiale assist{\'e}e par ordinateur, etc. 

Recombinaison : {\'e}change de g{\`e}nes entre deux organismes ou virus, ou {\`a} l'int{\'e}rieur d'un organisme ou virus. La reproduction sexuelle est un exemple de recombinaison ; bact{\'e}rie et virus peuvent {\'e}galement recombiner les g{\`e}nes de plusieurs fa{\c c}ons. La recombinaison peut aussi {\^e}tre accomplie artificiellement dans un laboratoire. 

R{\'e}ponse immunitaire (immunit{\'e}, immunisation) : 
	* [rassemblement et mobilisation des cellules de d{\'e}fense d'un organisme afin d'{\'e}liminer et de d{\'e}truire des pathog{\`e}nes, des organismes causant des maladies tels que virus et bact{\'e}ries. La r{\'e}ponse immunitaire peut {\'e}galement identifier des cellules non pathog{\`e}nes comme {\'e}trang{\`e}res, c'est-{\`a}-dire ne faisant pas partie du catalogue de tissus normaux ; les organes transpalnt{\'e}s d{\'e}clenchent une r{\'e}ponse immunitaire et peuvent {\^e}tre rejet{\'e}s. ]
	Les maladies auto-immunes comme la scl{\'e}rose en plaque et diverses formes d'arthrite peuvent survenir ou revenir en r{\'e}action {\`a} une activation virale caus{\'e}e par le stress. On a sugg{\'e}r{\'e} que, chez l'{\^e}tre humain, l'activation d'ERV pourrait {\^e}tre {\`a} l'origine de certaines maladies auto-immunes. 

* R{\'e}trotransposon... 
* R{\'e}trovirus

S{\'e}quen{\c c}age : 
	* [d{\'e}termination de la s{\'e}quence de mol{\'e}cules  dans un polym{\`e}re tel qu'une prot{\'e}ine ou un acide nucl{\'e}ique ; en g{\'e}n{\'e}tique, d{\'e}couverte de la s{\'e}quence de bases dans un g{\`e}ne ou dans une longueur d'ADN ou d'ARN, ou dans le g{\'e}nome dans son ensemble. ||... Dans quelques ann{\'e}es, nous comprendrons la totalit{\'e} du g{\'e}nome humain. ...||]
	Les recherches dans le domaine du g{\'e}nome humain ont r{\'e}cemment fait des pas de g{\'e}ant, mais la compr{\'e}hension que nous avons de ce savoir en plein d{\'e}veloppement reste au stade des premiers balbutiements. 

SHEVA 
	* [(HERV-DL3, SHERVA-DL3) : r{\'e}trovirus endog{\`e}ne humain fictif capable de former une particule virale infectieuse, ou virion ; HERV infectieux. On ne conna{\^\i}t pas encore d'HERV de ce type. ]
	Dans L'Echelle de Darwin et Les Enfants de Darwin, SHEVA transporte d'un {\^e}tre humain {\`a} l'autre des instructions pr{\'e}cises ayant pour cons{\'e}quences un bouleversement du g{\'e}nome produisant une nouvelle vari{\'e}t{\'e} d'{\^e}tre humain. Concr{\`e}tement, SHEVA d{\'e}clenche des <<programmes>> g{\'e}n{\'e}tiques {\`a} ex{\'e}cution diff{\'e}r{\'e}e qui interagissent d'une fa{\c c}on {\'e}prouv{\'e}e par le temps afin de cr{\'e}er un ph{\'e}notype humain subtilement diff{\'e}rent. 

SHIVER : activation hypoth{\'e}tique de r{\'e}trovirus endog{\`e}nes dormants chez les femmes ayant subi une grossesse de type SHEVA. La recombinaison de g{\`e}nes viraux exog{\`e}nes et endog{\`e}nes risque alors de produire de nouveaux virus, au potentiel pathog{\`e}ne ind{\'e}termin{\'e}. ({\`A} noter que le mot <<shiver>> signifie frissons). 

* Transposons
* Vaccin + Voir Anticorps, Antig{\`e}nes, R{\'e}ponse Immunitaire. 
* Virus + Voir ERV, Virus Exog{\`e}nes. 

Virus exog{\`e}nes : terme d{\'e}signant un virus qui n'ins{\`e}re pas durablement ses g{\`e}nes dans l'ADN de son h{\^o}te. Certains virus, tel celui de la tumeur mammaire de la souris (MMTV), semblent {\^e}tre en mesure de d{\'e}cider d'ins{\'e}rer ou non leur code g{\'e}n{\'e}tique dans l'ADN de leur h{\^o}te. Voir ERV. 

Vom{\'e}ronasal (organe) ou organe de Jacobson : organe consistant en deux petites ouvertures dans le palais, ou dans les fosses nasales, et qui, chez les mammif{\`e}res autres que l'{\^e}tre humain permet d'{\'e}tablir un lien entre les ph{\'e}romones, les r{\'e}actions hormonales et la diff{\'e}renciation du comportement en fonction du sexe. l'action par laquelle l'air ambiant est conduit {\`a} cet organe est d{\'e}signer ici par le verbe <<flairer>>. Cette r{\'e}action, dite de Flehman, s'observe souvent chez les chats lorsqu'ils per{\c c}oivent une odeur anormale (voir par exemple le marquage du territoire par l'urine). Les serpents parviennent {\`a} un r{\'e}sultat similaire en captant les mol{\'e}cules sur leur langue. L'{\^e}tre humain poss{\`e}de des fosses vom{\'e}ronasales, qui sont cependant minuscules et difficiles {\`a} localiser ; peut-{\^e}tre jouent-elles un r{\^o}le dans le chois du partenaire sexuel et d'autres comportements. En 1995 est paru un article conseillant aux chirurgiens plasticiens de s'abstenir de mutiler l'organe vom{\'e}ronasal de crainte de d{\'e}clencher chez le sujet une perte d'activit{\'e} sexuelle, source de possibles plaintes judiciaires. 

Vom{\'e}rophine : terme forg{\'e} pour d{\'e}signer une ph{\'e}romones d{\'e}tect{\'e}e par l'organe vom{\'e}ronasal humain (par analogie avec les ph{\'e}romones d{\'e}tect{\'e}es par l'organe vom{\'e}ronasal d'autres mammif{\`e}res). 

X{\'e}nogreffe : transplantation chez l'{\^e}tre humain de tissus et d'organes non humains. Par le pass{\'e}, la x{\'e}nogreffe s'effectuait {\`a} partir d'organes de babouins et d'autres singes. Aujourd'hui, les recherches se focalisent sur les tissus et organes de porc. Les risques de la x{\'e}nogreffe sont li{\'e}s {\`a} la pr{\'e}sence de virus latents dans les tissus greff{\'e}s. (Voir ERV, Herp{\`e}s, PERV. ) Le cas de Mrs. Carla Rhine tel qu'il est d{\'e}crit dans Les Enfants de Darwin est peu probable dans la r{\'e}alit{\'e}  ; les affections dont souffre Mrs. Rhine s'expliquent par la conjonction malheureuse d'une transplantation et d'un {\'e}v{\'e}nement viral {\'e}volutionnaire relativement rare. N{\'e}anmoins, la possibilit{\'e} d'une contamination ou d'une recombinaison virale chez les sujets d'une x{\'e}nogreffe est bien r{\'e}elle et n{\'e}cessite des recherches suppl{\'e}mentaires. },
	Author = {Bear, Greg},
	Date-Added = {2009-08-17 16:55:37 +0200},
	Date-Modified = {2009-08-17 17:02:50 +0200},
	Isbn = {2-221-09936-2},
	Keywords = {Scattered Human Endogenous RetroVirus Activation (SHERVA / SHEVA),Human Endogenous RetroVirus (HERV),Long Interspersed Nucleotide Elements (LINE),Transposable Elements (TE),red queen (RQ)},
	Publisher = {Collection Ailleurs\&Demain (Robert Laffont)},
	Title = {Les enfants de Darwin},
	Year = {2003}}

@book{BearDarwin01,
	Abstract = {Greg Bear L'{\'E}CHELLE DE DARWIN
Collection Ailleurs&Demain (Robert Laffont)
[DARWIN'S RADIO 1999, traduit en 2001]
ISBN 2-221-09181-7 [orig 0-345-42333-X]

R{\'e}sum{\'e} : 
	<<Au fond d'une caverne des alpes suisses, trois corps pr{\'e}serv{\'e}s par le froid depuis plus de dix mille ans : une famille pr{\'e}historique, n{\'e}andertalienne, dont l'enfant semble curieusement moderne...
	D{\'e}couverte en G{\'e}orgie d'un charnier r{\'e}cent qui ne doit rien {\`a} la r{\'e}volution ni {\`a} la guerre... Toutes les femmes {\'e}taient enceintes. et le secret d'{\'E}tat p{\`e}se sur cette affaire.
	Kaye Lang, g{\'e}n{\'e}ticienne de talent et peut-{\^e}tre de g{\'e}nie, d{\'e}couvre que la partie silencieuse de nos g{\`e}ne rc{\`e}le d'anciens virus susceptibles de s'{\'e}veiller. Et plus encore qu'une surprenante machinerie, enfouie dans nos g{\`e}nes depuis des millions d'ann{\'e}es, vient de s'enclencher.
	Alors qu'une maladie terrifiante, le syndrome de SHEVA, se met {\`a} frapper les femmes. 
	L'humanit{\'e} est-elle menac{\'e}e, ou bien se pr{\'e}pare-t-elle {\`a} un nouveau bond sur l'{\'e}chelle de Darwin, la voie de l'{\'e}volution ?>>


p. 59 : les r{\'e}trovirus endog{\`e}nes humains (HERV, Human Endogenous RetroVirus)
	{\'E}tude des phages lysog{\`e}nes en milieu bact{\'e}rien et des r{\'e}trovirus chez l'humain et le singe. Des r{\'e}trovirus {\'e}vid{\'e}s sont d'usage commun en th{\'e}rapie g{\'e}nique, en tant que transporteurs de g{\`e}nes correcteurs. [...] Nombre de m{\'e}tazoaires - de fromes de vie non bact{\'e}riennes - sont porteurs dans leurs g{\`e}nes de r{\'e}sidus dormants d'anciens r{\'e}trovirus. Au moins un tiers du g{\'e}nome humain, notre biblioth{\`e}que g{\'e}n{\'e}tique, est compos{\'e} de ces r{\'e}trovirus qualifi{\'e}s d'endog{\`e}nes [... qui] pourraient produire de nouvelles r{\'e}v{\'e}lations sur le g{\'e}nome. 

p. 66-67 : les locus
	{\'E}l{\'e}ments de HERV potentiellement complets et infectieux sur les chromosomes 14 et 17, article du journal Virology : <<Un mod{\`e}le pour l'expression, l'assemblage et la transmission lat{\'e}rale des g{\`e}nes env, pol et gag chromosomiquement dispers{\'e}s : des anciens {\'e}l{\'e}ments r{\'e}troviraux viables chez l'homme et le singe.>> [...] Les r{\'e}trovirus d{\'e}couverts dans les foetus avort{\'e}s {\'e}taient g{\'e}n{\'e}tiquement identiques {\`a} des HERV qui faisaient partie du g{\'e}nome humain depuis que les singes du Vieux Continent et du Nouveau Monde {\'e}taient apparus sur l'{\'e}chelle de l'{\'e}volution. Tous les {\^e}tres humains {\'e}taient porteurs de ces HERV, mais ceux-ci n'{\'e}taient plus de sd{\'e}tritus g{\'e}n{\'e}tiques ni des fragments abandonn{\'e}s. Quelque chose avait stimul{\'e} leurs egments dispers{\'e}s pour exprimer puis assembler les rot{\'e}ines de l'ARN qu'ils encodaient afin de former une particule capable de quitter l'organisme et d'infecter un autre individu. 
	Signification {\'e}volutionnaire des {\'e}l{\'e}ments g{\'e}n{\'e}tiques transposables, surnomm{\'e}s les g{\`e}nes sauteurs : les transposons, les r{\'e}trotransposons et m{\^e}mes les HERV. Ces {\'e}l{\'e}ments transposables peuvent modifier le lieu, le moment et la fa{\c c}o dont les g{\`e}nes s'expriment, causant ainsi des mutations et alt{\'e}rant en fin de compte la nature physique d'un organisme. [Ligne] Jadis, ces {\'e}l{\'e}ments transposables, ces r{\'e}trog{\`e}nes, avaient sans doute {\'e}t{\'e} les pr{\'e}curseurs des virus ; certains avaient mut{\'e} et appris {\`a} quitter la cellule, abrit{\'e}s par des capsides et des enveloppes protectrices, l'{\'e}quivalent g{\'e}n{\'e}tique d'un scaphandre spatial. Quelques-uns {\'e}taient revenus sous la forme de r{\'e}trovirus, pareils {\`a} des fils prodigues ; au fils de mill{\'e}naires, certains r{\'e}trovirus avaient infect{\'e} des cellules de la lign{\'e}e germinale - ovules, spermatozo{\"\i}des ou leurs pr{\'e}curseurs - et perdu leur puissance. Ils {\'e}taient devenus des HERV. 
	Maladie nomm{\'e}e la grippe d'H{\'e}rode, car provoque l'apparition de graves troubles chez le foetus et sa mort pr{\'e}matur{\'e}e (d{\'e}tails qui suivent). Enfants pr{\'e}matur{\'e}s aynt anomalies plus ou moins subtiles, immacul{\'e}es conceptions, villages entiers ras{\'e}s et st{\'e}rilis{\'e}s...

p. 70 Nomination du virus
	SHERVA : Scattered Human Endogenous RetroVirus Activation
	[Actvivation d'un r{\'e}trovirus endog{\`e}ne humain dispers{\'e}]

p. 78-79 SHEVA "sonne mieux"
	R{\'e}trovirus, 82 Kb, trente g{\`e}nes. Composants gag et pol sur le chromosome 14, env sur le 17, l{\'e}g{\`e}rement pathog{\`e}ne et l'{\^e}tre humain ne lui oppose qu'une faible r{\'e}sistance (virus rest{\'e} en sommeil tr{\`e}s longtemps). 

p. 81 <<Un provirus humain, tapi depuis des millons d'ann{\'e}es dans notre ADN tel un passager clndestion, vient d'{\^e}tre associ{\'e} {\`a} une nouvelle vari{\'e}t{\'e} de grippe qui ne frappe que les femmes...>>
	Pas vraiment une grippe : ne ressemble pas {\`a} influenza ni aux virus associ{\'e}s au rhume et {\`a} la grippe. Sympt{\^o}me commun {\`a} d'autres virus (fi{\`e}vres, douleurs {\`a} la gorge, toux) mais n'atteint que les femmes. R{\'e}trovirus : ARN->ADN->ADN de l'h{\^o}te. Premier HERV {\`a} {\^e}tre activ{\'e} (sortie des chromosomes) et {\`a} {\^e}tre transmis lat{\'e}ralement (contagion) et non plus verticalemnt (du parent {\`a} l'enfant pa le biais du patrimoine g{\'e}n{\'e}tique). 
	Introduction dans les g{\`e}nes de l'esp{\`e}ce est li{\'e}e {\`a} l'infection des cellules germinales. Le provirus a pu subir une rupture, une mutation ou une neutralisation. Possibilit{\'e} que des fragments de provirus attach{\'e}s {\`a} diff{\'e}rents chromosomes peuvent exprimer toutes les parties d'un r{\'e}trovirus actif. 

p. 93 Citation : Darwin et Lynn Margulis
	Th{\'e}orie de l'{\'e}volution : symbiose des cellules eucaryotes. 

p. 97 Fonctionnement de SHEVA - simulation
	Introduction dans h{\'e}patocytes, d{\'e}sactivation de certaines fonctions cellulaires, d{\'e}tournement d'autres fonctions, transcription de l'ARN en ADN et int{\'e}gration au noyau, reproduction. S{\'e}cr{\'e}tion depuis la cellule de fa{\c c}on contr{\^o}l{\'e}e (fragment de paroi cellulaire), les cellules ne sont pas tu{\'e}es, une particule virale sur vingt est viable (cinq fois mieux que le VIH). 
	SHEVA ne tranporte pas tous les ingr{\'e}dient pour provoquer la grippe d'H{\'e}rode : activation d'un g{\`e}ne sur un autre chomosome, le 21, et codant pour une polyprot{\'e}ine, le LPC (Large Protein Complex). Il existe un facteur unique de transcription de ce g{\`e}ne, pr{\'e}sent dans le g{\'e}nome de SHEVA, qui sert de cl{\'e} pour ouvrir le coffre. 
	Prot{\'e}ase de SHEVA provoque apparition de trois nouvelles cyclo-oxyg{\'e}nases et lipooxyg{\'e}nases qui synth{\'e}tisent trois prostaglandines diff{\'e}rentes et uniques, dont deux nouvelles et puissantes (fausses couches en moins d'une semaine). 

p. 104 {\`a} 111 SHEVA : plasmide, phage ou descolada humaine ?
	Le gradualisme : l'{\'e}volution progresse par {\'e}tapes imperceptibles, au moyens de mutations s'accumulant sur de longues p{\'e}riodes, g{\'e}n{\'e}ralement au d{\'e}triment de l'individu. Les mutations b{\'e}n{\'e}fiques sont s{\'e}lectionn{\'e}es en fonction des avantages acquis vis {\`a} vis de la reproduction et de la recherche de nourriture (Enrst Mayr). cf. synth{\`e}se avec Darwinisme et le g{\`e}ne {\'e}go{\"\i}ste (Richard Dawkins). 
	SHEVA rentrerait dans une boucle de communication ferm{\'e}e entre individus d'une m{\^e}me population, sans rapport avec le sexe. Assez petit (82Kb et 30 g{\`e}nes), il lui suffit d'utiliser une cl{\'e} ou un code d'acc{\`e}s au g{\'e}nome, jouant le r{\^o}le d'{\'e}l{\'e}ment g{\'e}n{\'e}tiquemobile, de promoteur ou de messager (virus messagers de l'{\'e}volution, certains transportent des bribes de mat{\'e}riel g{\'e}n{\'e}tique d'un h{\^o}te {\`a} l'autre).
	{\'E}ruption de sp{\'e}ciation {\`a} chaque apparition d'une nouvelle niche : nouveau continent/{\^\i}le, disparition d'anciennes esp{\`e}ces... Esp{\`e}ces dot{\'e}es d'un "ordinateur biologique" qui traite les mutations potentiellement b{\'e}n{\'e}fiques, selon les estimations et le taux de r{\'e}ussite des {\'e}volutions pass{\'e}es.
	Le changement peut {\^e}tre d{\'e}clench{\'e} par des hormones li{\'e}es au stress (qui influent sur l'expression des g{\`e}nes). Si les organismes stress{\'e}s sont en nombre suffisant : le quorum est atteint et lance un algorithme g{\'e}n{\'e}tique qui compare le stress {\`a} une liste d'adaptations, ou de r{\'e}ponse {\'e}volutionnaires. 
	Mutations grammaticales, propositions physiologiques ne violant aucune des r{\^e}gles structurlles importantes de l'organisme. L'information {\'e}tant stock{\'e}e sur des marqueurs rang{\'e}s dans une r{\'e}gion non codante de l'organisme (section plus ou moins grande selon l'esp{\`e}ce et les adaptations possibles). L'expression ne se produit que dans les cellules germinales haplo{\"\i}des et ne s'effectue qu'apr{\`e}s confirmation par un autre individu (ph{\'e}romone, contact oculaire). 
	Ce travail se fait par petites alt{\'e}rations pour produire une nouvelle esp{\`e}ce, ou dot{\'e} d'instructions standard (inter-esp{\`e}ces, commun {\`a} l'homme et au chimpanz{\'e}, par exemple). Un changement {\`a} la fois (unit{\'e}), s{\'e}lectionn{\'e} par un syst{\`e}me d'intelligence de r{\'e}seau neuronal. 
	Le cerveau focntionne comme un {\'e}cosyst{\`e}me (d{\'e}finition la plus {\'e}l{\'e}mentaire de la pens{\'e}e). Les neurones {\'e}changent de nombreux signaux, qui peuvent s'ajouter ou se soustraire les uns aux autres, se neutraliser mutuellement ou coop{\'e}rer afin de parvenir {\`a} une d{\'e}cision. Les actes fondamentaux de la nature que sont la coop{\'e}ration et la comp{\'e}tition (symbiose, parasitisme, pr{\'e}dation) sont ainsi g{\'e}r{\'e} par un syst{\`e}me de noeuds (neurones dans le cerveua, g{\`e}nes dans le g{\'e}nome) afin de permettre leur reproduction {\`a} la g{\'e}n{\'e}ration suivante (individu dans esp{\`e}ce dans {\'e}cosyst{\`e}me) en utilisant ces actes fondamentaux. 
	SHEVA forme une boucle en feed-back pour les organismes individuels et aboutis ainsi {\`a} une coop{\'e}ration entre individu (cr{\'e}atio d'un ensemble social). Les individus s'achangent des informations pour arriver {\`a} un {\'e}quilibre (comme les plasmides des bact{\'e}ries), au sein d'une m{\^e}me esp{\`e}ce. 

p. 122 {\`a} 124 Le foetus
	Le syndrome SHEVA provoque une fausse couche au bout d'un mois, ce foetus peut {\^e}tre caract{\'e}ris{\'e} comme {\'e}tant un ovaire avec une r{\'e}serve de sang (le reste {\'e}tant atrophi{\'e} : moelle {\'e}pini{\`e}re, coeur, foie ; rein, intestin inexistants). Les particules virales sont absentes du follicule mais pr{\'e}sent en forte quantit{\'e} dans le reste du foetus. 

p. 134 SHEVA est une MST s{\'e}lective
	Ce virus n'atteint que les femmes ayant un partenaire masculin r{\'e}gulier, et n'atteint ni les femmes c{\'e}libataires ni les homosexuels m{\^a}les. Ce virus est transmis aux femmes par les hommes, {\`a} l'issue d'une p{\'e}riode d'expostion relativement longue. L'analogie de SHEVA avec les phages lysog{\`e}nes des bact{\'e}ries : des stimuli potentiellement l{\'e}taux provoque son apparition : surpopulation, conditions sociales, radiations...

p. 166 et 167 SHEVA ne se cristallise pas et autres pr{\'e}cisions
	Chacun des foetus contient une grosse masse folliculaire, similaire {\`a} un ovaire, mais ne contenant qu'un vingtaine de follicules. Dans chacun des cas, on ne d{\'e}nombre que trois follicules bris{\'e}s au plus. L'expulsion de nouveaux ovules ainsi pr{\'e}par{\'e}s par ce foetus expuls{\'e}, provoque une deuxi{\`e}me grossesse pouvant {\^e}tre men{\'e}e {\`a} terme, l'individu ainsi "fabriqu{\'e}" porte les modifications souhait{\'e}es pas SHEVA. La fausse couche du premier foetus est indolore (au bout des trois premiers mois de gestation), la grossesse de l'autre est normale (neuf mois), l'endom{\`e}re n'est pas perdu (comme si la m{\`e}re {\'e}tait encore enceinte), le processus entier dure dix mois). 

p. 195 {\`a} 197 Le signal
	Une cl{\'e} ouvrant une r{\'e}serve g{\'e}n{\'e}tique, des instructions pour un nouveau ph{\'e}notype. {\'E}difi{\'e} en l'espace de lusieurs milliers d'ann{\'e}es. Des hypoth{\`e}ses plus ou moins fond{\'e}es relatives {\`a} tel ou tel trait. Des ajustements effectu{\'e}s selon un programme plut{\^o}t rigide {\`a} des fins d'{\'e}volution. Cela ne ressemble {\`a} aucun type de maladie connu et reste un r{\'e}trovirus catalyseur. 
	Le premier foetus produit un deuxi{\`e}me oeuf qui s'attache {\`a} la paroi ut{\'e}rine de la m{\`e}re. SHEVA provoque l'apparition d'un complexe de polyprot{\'e}ines qui dissocient le cytosol hors du noyau : des hormones lut{\'e}otropes, des hormones follicostimulantes, des prostaglandines. Certaines sont responsables de fausses couches et d'autre d'alt{\'e}rer un oeuf de fa{\c c}on substantielle (d{\'e}clenchant ne mutation ou un autre mode de reproduction). 

p. 212 Influence des tranposons
	Les transposons - fragments d'ADN mobiles {\`a} l'int{\'e}rieur du g{\'e}nome - seraient plus que de simples g{\`e}nes {\'e}go{\"\i}stes. Ils peuvent agir comme r{\'e}gulateurs du ph{\'e}notype (altruiste plus qu'{\'e}go{\"\i}ste) : ils servent de guide {\`a} la transformtion des prot{\'e}ines en tissus vivant, ou alt{\`e}rent la fa{\c c}on dont les prot{\'e}ines cr{\'e}ent une plante ou un animal. La similitude entre r{\'e}trotransposons et r{\'e}trovirus permet de voir un lien g{\'e}n{\'e}tique avec SHEVA. 
	L'activit{\'e} des transposons dans les h{\'e}patocytes infect{\'e}s par SHEVA est l{\'e}g{\`e}rement augment{\'e}e. Ils se m{\'e}langent sans effet apparent. L'{\'e}tude sur des cellules souches montre une activit{\'e} sur vingt chromosomes. L{\`a} o{\`u} un processus al{\'e}atoire tuerait la cellule, les cellules {\'e}tudi{\'e}es restent assi saines qu'auparavant. Cette activit{\'e}e est d{\'e}cench{\'e}e par SHEVA (dans le LPC?) et soumet la cellule {\`a} un stress extraordinaire. 

p. 215 et 216 But de SHEVA ? 
	Tous le monde n'y est pas vuln{\'e}rable : les hommes ont une forte r{\'e}action immunitaire {\`a} SHEVA quand ce ne sont pas eux qui le produisent (affection de 48 heures au maximum, rare), les femmes sont toutes menac{\'e}es. La strat{\'e}gie de SHEVA est {\`a} tr{\`e}s long terme (plusieurs mill{\'e}naires), et dont la propagation d{\'e}pend de la population plut{\^o}t que des individus. Consid{\'e}rant qu'une r{\'e}action immunitaire serait contre-productive, ce virus n'{\'e}merge qu'en cas de stress ou d'un autre facteur m{\'e}connu. 
	Un provirus est l'ADN viral int{\'e}gr{\'e} dans le mat{\'e}riaux g{\'e}n{\'e}tique de l'h{\^o}te (ici l'homme), son expression le transform en virus ou r{\'e}trovirus. La r{\'e}action immunitaire chez l'homme, malgr{\'e} des antig{\`e}nes simples et invariants, est d{\^u}e {\`a} un g{\`e}ne de SHEVA qui d{\'e}clenche de subtiles variations/mutations, d{\'e}clenchant la production d'antig{\`e}nes {\`a} la surface de certaines cellules (pr{\'e}alable {\`a} une r{\'e}ponse immunitaire) et fa{\^\i}t s'acclimater l'organisme... 

p. 235 {\`a} 245 L'{\'e}volution de SHEVA
	L'analyse sur les corps n{\'e}andertaliens et le b{\'e}b{\'e} d{\'e}couvert {\`a} proximit{\'e} indique que SHEVA a peu chang{\'e} en 15 000 ans, bien qu'il s'agisse d'ADN peu utilis{\'e} (renouvel{\'e}, test{\'e}, conserv{\'e}, prot{\'e}g{\'e} par des prot{\'e}ines et la chromatine environnante). 
	Les parents subissent aussi l'influence de SHEVA : le virus provoque une mue (comme pour les serpents), avec l'apparition d'un masque de peau sur le visage, les crit{\`e}res de la nouvelle sous-esp{\`e}ce de l'enfant deviennnent apparent chez l'adulte parent, li{\'e} (?) {\`a} un sous-HERV d{\'e}clench{\'e} par SHEVA. 
	<<Une population est un gigantesque r{\'e}seau d'unit{\'e}s se livrant ente elles {\`a} la comp{\'e}tition et {\`a} la copp{\'e}ration, parfois en m{\^e}me temps. Nombreuses preuves de communications entre individus dans une population. Les arbres communiquent via des substances chimiques. Les humains via des ph{\'e}romones. Les bact{\'e}ries {\'e}changent des plasmides et des phages lysog{\`e}nes. [...]
Un {\'e}cosyst{\`e}me est un r{\'e}seau d'esp{\`e}ces se livrant entre elles {\`a} la comp{\'e}tition et {\`a} la collaboration. Les ph{\'e}romones et autres substances chimiques peuvent passer d'une esp{\`e}ce {\`a} l'autre. U r{\'e}seau peut avoir les m{\^e}mes qualit{\'e}es qu'un cerveau ; un cerveau humain est un r{\'e}seau de neurones, une pens{\'e}e cr{\'e}ative est possible dans tout r{\'e}seau neuronal fonctionnel suffisamment complexe. [...]
Les mol{\'e}cules et les virus porteurs de signaux transportent de l'information entre les gens. Cette information est rassembl{\'e}e par l'individu {\`a} mesure de son exp{\'e}rience ; mais s'agit-il l{\`a} d'{\'e}volution lamarckienne ? >>
	Tout organisme individuel est conscient de son environnement et y r{\'e}agit. Les signaux {\'e}chang{\'e}s par les individus entra{\^\i}nent des fluctuations dans la chimie interne et affecte le g{\'e}nome, en particulier les {\'e}l{\'e}ments mobiles (transposons?) de la m{\'e}moire g{\'e}n{\'e}tique qui mettent {\`a} jour des ensembles de changemnts hypoth{\'e}tiques. Boucle de feed-back compl{\`e}te : environnement modifi{\'e} qui stresse les organismes ; diff{\'e}rents types de stress qui affectent des {\'e}quilibres chimiques et fait r{\'e}agir la m{\'e}moire de r{\'e}serve : le {\'e}l{\'e}ments mobiles se d{\'e}placent selon un algorithme {\'e}volutionnaire {\'e}labor{\'e} sur une longue p{\'e}riode, un ordinateur g{\'e}n{\'e}tique d{\'e}cide du ph{\'e}notype le mieux adapt{\'e} aux conditions {\`a} l'origine du stress. Si le changment est progressif, pour le ph{\'e}notype il est indect{\'e}table, pour l'environnement l'organisme r{\'e}agit de fa{\c c}on majeure au r{\'e}sultat (stress social humain {\`a} long terme). 
=>Les r{\'e}trovirus endog{\`e}nes s'expriment, transportent un signal, coordonnent l'activation d'{\'e}l{\'e}ments sp{\'e}cifiques dans la banque de m{\'e}moire g{\'e}n{\'e}tique. 
	Transmission par les gam{\`e}tes de fa{\c c}on encod{\'e}e : g{\`e}nes encod{\'e}s, redondance. Le "mode d'emploi" est donn{\'e} uniquement pour les parties actives ou modifi{\'e}es. L'activation du r{\'e}trovirus endog{\`e}ne est li{\'e} au stress de la comp{\'e}tition, afin d'{\'e}viter une disparition de l'esp{\`e}ce, au prix de modifications. 

p. 278 SHEVA agent de redistribution biologique

p. 299 Apparition de populations isol{\'e}es adapt{\'e}es {\`a} leur environnement, mais appartenant {\`a} la m{\^e}me esp{\`e}ce. Les modifications apport{\'e}es (et s{\'e}lectionn{\'e}es) en font pourtant des {\^e}tres diff{\'e}rents. 

p. 304 Mutations de SHEVA
	Recherche d'une meilleure adaptation de l'esp{\`e}ce, les modifications apport{\'e}es {\'e}taient b{\'e}n{\'e}fiques en un sens mais mal transmissibles (foetus hypersensible {\`a} un virus via la barri{\`e}re placentaire rompue par SHEVA, comme l'herp{\`e}s). 

p. 306 Les nouvelles cl{\'e}s
	Les g{\`e}nes activ{\'e}s par SHEVA (LPC) sont subtilement diff{\'e}rents au fur et {\`a} mesure du changement du virus, donnant des instructions l{\'e}g{\`e}rement diff{\'e}rentes lors d'un changement de strat{\'e}gie du virus ; ces g{\`e}nes se trouvent sur les autosomes (chromosomes non sexuels), comme des sauvegardes ou des alternatives. 

p. 330 {\`a} 335 Apparition de SHEVA-X
	De nouvelles souches de SHEVA, neuf vari{\'e}t{\'e}s diff{\'e}rentes (glycoprot{\'e}ines qui changent) ; il s'agit d'un programme de rechange d{\'e}clench{\'e} suite {\`a} l'incapacit{\'e} de produire des enfants viables : grossesses du second stade ne seront plus sensibles aux infections virales type herp{\`e}s. 
	Les mutations sont en g{\'e}n{\'e}ral peu b{\'e}n{\'e}fique (maladies, non viabilit{\'e}...) : c'est le paradigme (probl{\`e}me) de l'{\'e}volution ; le fait que le g{\'e}nome dispose d'un moyen de contr{\^o}le pour ses modifications permet la survie de l'information malgr{\'e} le stress environnmental et le hasard. 

p. 364 Le masque de grossesse

p. 415 Passage de 46 {\`a} 52 chromosomes

p. 493 apparition de caract{\`e}res suppl{\'e}mentaires pour l'esp{\`e}ce
	Stress li{\'e} {\`a} l'environnement social : r{\'e}ponse avec des organes vom{\'e}ronausaux actifs, traitant certaines ph{\'e}romones (vom{\'e}roph{\'e}rines) et entra{\^\i}nant des r{\'e}actions (comme les chiens et les chats), l'organe est am{\'e}lior{\'e} dans ce cas (m{\'e}lioration des relations sociales entra{\^\i}nant une trop forte comp{\'e}tition inter-individu?). 

==============================

Bref pr{\'e}cis de biologie

	Les {\^e}tres humains sont des organismes m{\'e}taoaires, c'est-{\`a}-dire compos{\'e}s de nombreuses cellules. Dans la plupart de nos cellules se trouve un noyau contenant le <<plan>> de l'individu tout entier. Ce plan est contenu dans de l'ADN (acide d{\'e}soxyribonucl{\'e}ique) ; l'ADN et ses compl{\'e}ments, prot{\'e}ines et organelles, composent l'ordinateur mol{\'e}culaire contenant la m{\'e}moire n{\'e}cessaire pour construire un organisme individuel. 
	Les prot{\'e}ines sont des machines mol{\'e}culaires capables d'accomplir des fonctions incroyablement complexes. Ce sont les machines de la vie ; l'ADN est le sch{\'e}ma directeur qui guide la fabrication de ces machines. 
	Dans les cellules eucaryotes, l'ADN se pr{\'e}sente sous la forme de deux brins entrelac{\'e}s - la <<double h{\'e}lice>> - et est stock{\'e} sous celle d'une structure complexe baptis{\'e}e chromatine, laquelle est dispos{\'e}e en chromosomes dans chaque noyau de cellules. {\`A} quelques exceptions pr{\`e}s, telles les cellules des globules rouges et des cellules immunitaires sp{\'e}ialis{\'e}es, l'ADN de chaque cellule du corps humain est complet et uniforme. Les chercheurs estiment que le g{\'e}nome humain - la biblioth{\`e}que compl{\`e}te de nos instructions g{\'e}n{\'e}tiques - se compose de soixante mille {\`a} cent mille g{\`e}nes. Les g{\`e}nes sont des traits transmissibles ; on a souvent d{\'e}fini un g{\`e}ne comme un segment d'ADN contenant le code d'une ou de plusieurs prot{\'e}ines. Ce code peut {\^e}tre transcrit pour donner un brin d'ARN (acide ribonucl{\'e}ique) ; les ribosomes utilisent alors de l'ARN pour trauire les instructions de l'ADN originel et synth{\'e}tiser des prot{\'e}ines. (Certains g{\`e}nes accomplissent d'antres t{\^a}ches, par exemple fabriquer les composants ARN des ribosomes). 
	De nombreux scientifiques pensent que l'ARN {\'e}tait {\`a} l'origine la mol{\'e}cule codante de la vie et que l'ADN est apparu ult{\'e}rieurement. 
	La plupart des cellules d'un organisme individuel sont porteuses du m{\^e}me ADN, mais {\`a} mesure que la personne cro{\^\i}t et se d{\'e}veloppe, cet ADN est exprim{\'e} de diff{\'e}rentes fa{\c c}ons {\`a} l'int{\'e}rieur de chaue cellule. C'est ainsi que des cellules d'embryon identiques peuvent devenir des tissus diff{\'e}rents. 
	Lorsque l'ADN est transcrit en ARN, de nombreuses cha{\^\i}nes de nucl{\'e}otides non codantes pour les prot{\'e}ines, baptis{\'e}e introns, sont extraites des segments d'ARN. Les segments restants sont alors r{\'e}unis ; ils sont codants pour les prot{\'e}ines et appel{\'e}s exons. Sur une cha{\^\i}ne d'ARN r{\'e}cemment transcrit, ces exons peuvent s'unir de diff{\'e}rente fa{\c c}ons pour produire diff{\'e}rentes prot{\'e}ines. Ainsi un m{\^e}me g{\`e}ne peut produire diff{\'e}rentes mol{\'e}cules {\`a} diff{\'e}rents moments. 
	Les bact{\'e}ries sont de minuscules organismes unicellulaires. Leur ADN n'est pas stock{\'e} dans un noyau mais r{\'e}parti {\`a} l'int{\'e}rieur de la cellule. Leur g{\'e}nome ne contient que des exons, ce qui fait d'elles des cr{\'e}atures souples et profil{\'e}es. Les bact{\'e}ries peuvent se conduire comme des organismes sociaux ; des vari{\'e}t{\'e}s distinctes peuvent entrer en comp{\'e}tition ou collaborer ensemble pour trouver et exploiter les ressources de leur environnement. Dans la nature, les bact{\'e}ries se rassemblent parfois pour cr{\'e}er des <<cit{\'e}s>> ; vous en avez peut-{\^e}tre observ{\'e} en constatant la pr{\'e}sence de bave sur les l{\'e}gumes avari{\'e}s de votre r{\'e}frig{\'e}rateur. Ces spores bact{\'e}riennes se trouvent {\'e}galement dans vos intestins, dans votre conduit urinaire et sur vos dents, o{\`u} ils leurs arrivent de causer des probl{\`e}mes, et des {\'e}cologies sp{\'e}cialis{\'e}es de bact{\'e}ries prot{\`e}gent votre peau, votre bouche et d'autres parties de votre corps. Les bact{\'e}ries sont extr{\^e}ment importantes et, quoique certaines d'entre elles soient pathog{\`e}nes, bien d'autres sont n{\'e}cessaires {\`a} notre existence. Certains biologistes pensent que les bact{\'e}ries sont {\`a} l'origine de toutes les formes de vie et que les cellules eucaryotes - nos cellules, par exemple - d{\'e}rivent d'anciennes colonies bact{\'e}riennes. Dans un sens, peut-{\^e}tre ne sommes-nous que des astronefs pour bact{\'e}ries. 
	Les bact{\'e}ries {\'e}changent entre elles des petites boucles d'ADN, appel{\'e}es plasmides. ces plasmides compl{\`e}tent le g{\'e}nome des bact{\'e}ries et leur permettent de r{\'e}agir rapidement {\`a} des menaces comme les antibiotiques. Les plamsides composent une biblioth{\`e}que universelle que des bact{\'e}ries de types divers utilisent pour vivre plus efficacement.
	Les bact{\'e}ries, ainsi que presque tous les autres organismes, peuvent subir les attaques des virus. Les virus sont de minusules fragments d'ADN ou d'ARN, g{\'e}n{\'e}ralment prot{\'e}g{\'e}s par une enveloppe, qui ne peuvent se reproduire tout seuls. Au lieu de quoi il d{\'e}tournent la machinerie reproductrice d'une cellule pour fabriquer de nouveaux virus. Chez les bact{\'e}ries, les virus sont appel{\'e}s bact{\'e}riophages (<<mangeurs de bact{\'e}ries>>) ou tout simplement phages. Nombres de phages transportent du mat{\'e}riel g{\'e}n{\'e}tique d'une bact{\'e}rie {\`a} l'autre, tout comme certains virus chez les plantes et les animaux. 
	Il est possible que les virus proviennent {\`a} l'origine  de segments d'ADN de cellules capables de se d{\'e}placer, {\`a} l'int{\'e}rieur du chromosome ou entre chromosomes. Les virus sont essentiellement des segments nomades de mat{\'e}riel g{\'e}n{\'e}tique qui ont appris {\`a} <<enfiler un scaphandre spatial>> et {\`a} quitter la cellule. 

==============================

Bref glossaire scientifique

Acide amin{\'e} : {\'e}l{\'e}ment constitutif des prot{\'e}ines. La plupart des orgnaismes n'utilisent que vingt acides amin{\'e}s. 

ADN : acide d{\'e}soxyribonucl{\'e}ique, la c{\'e}l{\`e}bre mol{\'e}cule {\`a} douvle h{\'e}lice, codant pour les prot{\'e}ines et les autres {\'e}l{\'e}ments intervenants dans la construction du ph{\'e}notype, ou structure corporelle d'un organisme. 

Antibiotiques : vaste classe de substances fabriqu{\'e}es par plusieurs types d'organismes et capables de tuer les bact{\'e}ries. Les antibiotiques n'ont aucun effet sur les virus.

Anticorps : mol{\'e}cule qui s'attache {\`a} un antig{\`e}ne, le d{\'e}sactive et attire d'autres {\'e}l{\'e}ments sur l'intrus. 

Antig{\`e}ne : substance intrusive ou partie d'un organisme qui provoque la cr{\'e}ation d'anticorps dans le cadre d'une r{\'e}ponse immunitaire. 

ARN : acide ribonucl{\'e}ique. Copie compl{\'e}mentaire et interm{\'e}diaire de l'ADN ; l'ARN messager, ou ARNm, est utilis{\'e} comme sch{\'e}ma directeur par les ribosomes pour construire des prot{\'e}ines. 

Bact{\'e}ries : procaryotes, minuscules cellules vivantes dont le mat{\'e}riel g{\'e}n{\'e}tique n'est pas inclu dans un noyau. Les abct{\'e}ries effectuent nombres de t{\^a}ches importantes dans la nature et sont {\`a} la base de toutes les cha{\^\i}nes alimentaires. 

Bact{\'e}riocine : l'une des nombreuses substances cr{\'e}{\'e}es par les bact{\'e}ries et capables de tuer d'autres bact{\'e}ries. 

Bact{\'e}riophages : voir Phage. 

Chromosome : arrangement d'ADN repli{\'e} et tass{\'e}. Les cellules diplo{\"\i}des de l'organisme humain ont deux groupes de vingt-trois chromosomes ; les cellules haplo{\"\i}des - sperme ou ovule - n'ont qu'un seul groupe de chromosomes. 

Chromosomes sexuels : chez l'{\^e}tre humain, les chromosomes X et Y. Deux chromosomes X donnent un {\^e}tre de sexe f{\'e}minin, un X et un Y un {\^e}tre de sexe masculin. D'autres esp{\`e}cees ont de stypes de chromosomes sexuels diff{\'e}rents. 

Cro-Magnon : l'une des premi{\`e}res vari{\'e}t{\'e}s d'{\^e}tre humain, Homo sapiens sapiens, du nom du site de Cro-Magnon, en Dordogne. Homo est le genre, sapiens l'esp{\`e}ce, sapiens la sous-esp{\`e}ce. 

{\'E}l{\'e}ment mobile : segment d'ADN mobile. Les transposons peuvent se d{\'e}placer ou voir leur ADN copi{\'e} d'un endroit {\`a} l'autre dans l'ADN gr{\^a}ce {\`a} la polym{\'e}rase. Les r{\'e}trotransposons contiennent leur propre transcriptase invers{\'e}e, ce qui leur donne une certaine autonomie au sein du g{\'e}nome. Barbara McClintock et d'autres chercheurs ont montr{\'e}s que les {\'e}l{\'e}ments mobiles engendrent la vari{\'e}t{\'e} parmi les plantes ; mais certains voient en eux ce que l'ont appelle le plus souvent des <<g{\`e}nes {\'e}go{\"\i}stes>>, qui se reproduisent sans {\^e}tre d'une quelconque utilit{\'e} {\`a} l'organisme. D'autres encore pensent que les {\'e}l{\'e}ments mobiles contribuent {\`a} la nouveaut{\'e} dans tous les g{\'e}nomes, et peut-{\^e}tre m{\^e}me participent {\`a} la r{\'e}gulation de l'{\'e}volution. 

ERV : r{\'e}trovirus endog{\`e}ne (Endogenous Retrovirus), virus ins{\'e}rant son mat{\'e}riel g{\'e}n{\'e}tique dans l'ADN de son h{\^o}te. Le provirus int{\'e}gr{\'e} peut rester en sommeil quelques temps. Les ERV sont peut-{\^e}tre tr{\`e}s anciens, fragmentaires et d{\'e}sormais incapables de produire des vissu infectieux. 

Etre humain moderne : Homo sapiens sapiens. Genre Homo, esp{\`e}ce sapiens, sous-esp{\`e}ce sapiens. 

Exon : r{\'e}gion de l'ADN codantes pour des prot{\'e}ines ou de l'ARN. 

Gam{\`e}te : cellule sexuelle, tels l'ovule ou le spermatozo{\"\i}de, capable de s'unir {\`a} un gam{\`e}te oppos{\'e} - ovule plus spermatozo{\"\i}de - afin de produire un zygote. 

G{\`e}ne : la d{\'e}finition du g{\`e}ne est entrain de changer. Un article r{\'e}cent d{\'e}finit le g{\`e}ne comme un <<segment d'ADN ou d'ARN accomplissant une fonction pr{\'e}cise>>. Plus pr{\'e}cis{\'e}ment un g{\`e}ne peut {\^e}tre consid{\'e}r{\'e} comme un segment d'ADN codant un produit mol{\'e}culaire pr{\'e}cis, le plus souvent une prot{\'e}ine. Outre les nucl{\'e}otides codant les prot{\'e}ines, le g{\`e}ne consiste {\'e}galement en segment d{\'e}terminant la nature de la prot{\'e}ine exprim{\'e}e, la quantit{\'e} dans laquelle elle est exprim{\'e}e et le moment o{\`u} elle est exprim{\'e}e. Les g{\`e}nes peuvent produirent diff{\'e}rentes combinaisons de prot{\'e}ines selon diff{\'e}rents stimuli. Concr{\`e}tement un g{\`e}ne est un minuscule ordinateur/usine au sein d'un ordinateur/usine plus grand, le g{\'e}nome. 

G{\'e}nome : somme totale du mat{\'e}riel g{\'e}n{\'e}tique d'une esp{\`e}ce. 

G{\'e}notype : caract{\`e}re g{\'e}n{\'e}tique d'un organisme ou d'un groupe particulier d'organismes. 

HERV : r{\'e}trovirus endog{\`e}ne humain (Human Endogenous RetroVirus). Notre mat{\'e}riel g{\'e}n{\'e}tique contient en quantit{\'e} des r{\'e}sidus d'infections par r{\'e}trovirus. Certains chercheurs estiment u'un bon tiers de la somme totale de notre mat{\'e}riel g{\'e}n{\'e}tique consiste sans doute en anciens r{\'e}trovirus. On ne conna{\^\i}t encore aucun exemple de ces g{\`e}nes viraux anciens produisant des particules infectieuses (virions) susceptibles de se d{\'e}placer d'une cellule {\`a} l'autre par transmission lat{\'e}rale ou horizontale. Toutefois, nombre de HERV produisent des particules pseudo-virales {\`a} l'int{\'e}rieur de la cellule, et l'on ignore encore si ces particules accomplissent une fonction ou causent un probl{\`e}me. 
	Tous les HERV font partie de notre g{\'e}nome et sont transmis verticalement quand nous nous reproduisons, du parent au rejeton. Jusqu'ici, l'infection des gam{\`e}tes par des r{\'e}trovirus est la meilleure explication de la pr{\'e}sence de HERV dans notre g{\'e}nome. (On trouve {\'e}galement des ERV dans nombre d'autres organismes). 

Homme de Neandertal : Homo sapiens neandertalensis. Peut-{\^e}tre l'anc{\^e}tre de l'{\^e}tre humain. Les anthropologues et les g{\'e}n{\'e}ticiens contemporains d{\'e}battent en ce moment de cette possibilit{\'e}, suite {\`a} la d{\'e}couverte d'ADN mitochondrial extrait d'os pr{\'e}historiques. Comme nous ne savons pas encore comment se d{\'e}veloppent les esp{\`e}ces et les sous-esp{\`e}ces, les indices mat{\'e}riels ne permettent probablement pas de conclure. 

Homosome : collection compl{\`e}te de mat{\'e}riel g{\'e}n{\'e}tique utilisable, {\`a} l'int{\'e}rieur comme {\`a} l'ext{\'e}rieur d'une cellule ou d'un organisme. Les bact{\'e}ries {\'e}changent des boucles d'ADN appel{\'e}es plasmides, et certains de leurs g{\`e}nes sont peut-{\^e}tre transport{\'e}s par les phages lysog{\`e}nes ; l'ensemble total de ce mat{\'e}riel g{\'e}n{\'e}tique constitue l'homosome bact{\'e}rien. 

Introns : r{\'e}gions de l'ADN en g{\'e}n{\'e}ral non codantes pour les prot{\'e}ines. Dans la plupart des cellules eucaryotes, les g{\`e}nes onsitent en un m{\'e}lange d'exons et d'introns. Les introns sont {\'e}cart{\'e}s de l'ARN messager (ARNm) transcrit avant qu'il ne soit trait{\'e} par les ribosomes ; ceux-ci utilisent le code contenu dans l'ARNm pour assembler des prot{\'e}ines sp{\'e}cifiques {\`a} partir des acides amin{\'e}s. Les bact{\'e}ries n'ont pas d'introns. 

Marqueur : arrangement distinctif ou unique de bases, ou encore g{\`e}ne distinctif ou unique dans un chromosome. 

Mutation : Alt{\'e}ration dans un g{\`e}ne ou dans un segment de l'ADN. Peut {\^e}tre accidentelle, improductive et m{\^e}me dangereuse ; peut {\'e}galement {\^e}tre utile en conduisant {\`a} la production d'une prot{\'e}ine plus efficiente. Les mutation peuvent donner des variations du ph{\'e}notype ou de la structure physique d'un organisme. Les mutations al{\'e}atoires sont en g{\'e}n{\'e}ral neutres ou nuisibles {\`a} la sant{\'e} de l'organisme. 

Pathog{\`e}ne : organisme d{\'e}clenchant une maladie. Il existe plusieurs vari{\'e}t{\'e}s diff{\'e}rentes de pathog{\`e}nes : les virus, les bact{\'e}ries, les champignons, les protistes (anciennement appel{\'e}s protozoaires) et les m{\'e}tazoaires tels que les n{\'e}matodes. 

Phage : virus utilisant les bact{\'e}ries comme h{\^o}tes. De nombreux types de phages tuent leur h{\^o}tes presque imm{\'e}diatement et peuvent {\^e}tre utilis{\'e}s comme agents antibact{\'e}riens. {\`A} nombre de bact{\'e}ries correspondent au moins un et souvent plusieurs phages qui leur sont sp{\'e}cifiques. D'un point de vue {\'e}volutionnaire, les phages et les bact{\'e}ries se livrent {\`a} une constante course-poursuite. 

Phage lysog{\`e}ne : phage s'attachant {\`a} la capsule d'une bact{\'e}rie et ins{\'e}rant du mat{\'e}riel g{\'e}n{\'e}tique dans l'h{\^o}te bact{\'e}rien ; ce mat{\'e}riel forme alors une boucle, s'int{\`e}gre {\`a} l'ADN de l'h{\^o}te et se met en sommeil. Au cours de cette phase, la bact{\'e}rie h{\^o}te reproduit le prophage, le g{\'e}nome du phage int{\'e}gr{\'e}, avec le sien. En cas de dommage ou de <<stress>> inflig{\'e} {\`a} la bact{\'e}rie h{\^o}te, il peut se produire une transcription des g{\`e}nes du phage, qui produisent alors de nouveaux phages, et la bact{\'e}rie est alors lys{\'e}e, c'est-{\`a}-dire tu{\'e}e. Durant cette phase les phages sont dits lytiques. Les phages lysog{\`e}nes/lytiques peuvent {\'e}galement transcrire et porter des g{\`e}nes h{\^o}tes, en plus des leurs, d'une bact{\'e}rie {\`a} l'autre. 
	Nombre de bact{\'e}ries causant des maladies graves, comme celle du chol{\'e}ra, peuvent voir leur toxicit{\'e} d{\'e}clench{\'e}e suite au transfert de mat{\'e}riel g{\'e}n{\'e}tique par des phages lysog{\`e}nes. De tels phages sont par cons{\'e}quent dangereux sous leur forme naturelle et inutile pour ce qui est du contr{\^o}le des pathog{\`e}nes bact{\'e}riens. 

Ph{\'e}notype : structure physique d'un organisme ou d'un groupe distinct d'organismes. Le g{\'e}notype, exprim{\'e} et d{\'e}velopp{\'e} au sein d'un environnement donn{\'e}, d{\'e}termine le ph{\'e}notype. 

Prot{\'e}ines : les g{\`e}nes codent souvent des prot{\'e}ines, qui aident {\`a} la formulation et {\`a} la r{\'e}gulation de tous les organismes. Les prot{\'e}ines sont des machines mol{\'e}culaires compos{\'e}es de cha{\^\i}nes de vingt acides amin{\'e}s diff{\'e}rents. Les prot{\'e}ines elles-m{\^e}me peuvent former des cha{\^\i}nes ou des agr{\'e}gats. Le collag{\`e}ne, les enzymes, nombre d'hormones, la k{\'e}ratine et les anticorps ne sont que quelques-unes parmi les diff{\'e}rents types de prot{\'e}ines. 

Provirus : code g{\'e}n{\'e}tique d'un virus lorsqu'il est contenu dans l'ADN d'un h{\^o}te. 

R{\'e}ponse immunitaire (immunit{\'e}, immunisation) : rassemblement et mobilisation des cellules de d{\'e}fense d'un organisme afin d'{\'e}liminer et de d{\'e}truire des pathog{\`e}nes, des organismes causant des maladies tels que virus et bact{\'e}ries. La r{\'e}ponse immunitaire peut {\'e}galement identifier des cellules non pathog{\`e}nes comme {\'e}trang{\`e}res, c'est-{\`a}-dire ne faisant pas partie du catalogue de tissus normaux ; les organes transpalnt{\'e}s d{\'e}clenchent une r{\'e}ponse immunitaire et peuvent {\^e}tre rejet{\'e}s. 

R{\'e}trotransposon, r{\'e}troposon, r{\'e}trog{\`e}ne : voir {\'E}l{\'e}ments mobiles. 

R{\'e}trovirus : virus {\`a} base d'ARN qui ins{\`e}re son code dans l'ADN d'un h{\^o}te en vue d'une reproduction ult{\'e}rieure. Celle-ci peut parfois attendre des ann{\'e}es. Le sida fait partie des maladies caus{\'e}es par les r{\'e}trovirus. 

S{\'e}quen{\c c}age : d{\'e}termination de la s{\'e}quence de mol{\'e}cules  dans un polym{\`e}re tel qu'une prot{\'e}ine ou un acide nucl{\'e}ique ; en g{\'e}n{\'e}tique, d{\'e}couverte de la s{\'e}quence de bases dans un g{\`e}ne ou dans une longueur d'ADN ou d'ARN, ou dans le g{\'e}nome dans son ensemble. Dans quelques ann{\'e}es, nous comprendrons la totalit{\'e} du g{\'e}nome humain.

SHEVA (HERV-DL3, SHERVA-DL3) : r{\'e}trovirus endog{\`e}ne humain fictif capable de former une particule virale infectieuse, ou virion ; HERV infectieux. On ne conna{\^\i}t pas encore d'HERV de ce type. 

Transposon : voir {\'E}l{\'e}ments mobiles. 

Trisomie : pr{\'e}sence d'un chromosome suppl{\'e}mentaire dans une cellule diplo{\"\i}de. Chez l{\^e}tre humain, une copie suppl{\'e}mentaire du chromosome 21 cause le syndrome de DOWN, anciennement appel{\'e} mongolisme. 

Vaccin : substance produisant une r{\'e}ponse immunitaire {\`a} un organisme pathog{\`e}ne. 

Virion : particule virale infectieuse. 

Virus : particule non vivante mais organiquement active capable de p{\'e}n{\'e}trer une cellule et de d{\'e}tourner ses capacit{\'e}s reproductrices afin de produire d'autres virus. Un virus consiste en ADN ou en ARN, en g{\'e}n{\'e}ral entour{\'e} d'une couche prot{\'e}ique ou capside. Cette capside peut {\`a} son tour {\^e}tre entour{\'e}e d'une enveloppe. Il existe des centaines de milliers de virus connus, et sans doute des millions non encore d{\'e}crits. 

Zygote : combinaison de deux gam{\`e}tes ; oeuf fertilis{\'e}. 

},
	Author = {Bear, Greg},
	Date-Added = {2009-08-17 16:52:56 +0200},
	Date-Modified = {2009-08-17 17:02:58 +0200},
	Isbn = {2-221-09181-7},
	Keywords = {Human Endogenous RetroVirus (HERV), Scattered Human Endogenous RetroVirus Activation (SHERVA / SHEVA)},
	Publisher = {Collection Ailleurs\&Demain (Robert Laffont)},
	Title = {L'{\'e}chelle de Darwin},
	Year = {2001}}

@article{baldwin1896,
	Author = {Baldwin, James Mark},
	Date-Added = {2009-08-07 13:47:23 +0200},
	Date-Modified = {2009-08-07 13:52:41 +0200},
	Journal = {The American Naturalist},
	Keywords = {baldwin effect,},
	Month = {June},
	Number = {354},
	Pages = {441--451},
	Title = {A New Factor in Evolution},
	Url = {http://www.jstor.org/pss/2453130},
	Volume = {30},
	Year = {1896}}

@inproceedings{CliMil95,
	Abstract = {Co-evolution can give rise to the Red Queen effect, where interacting populations alter each other's fitness landscapes. The Red Queen effect significantly complicates any measurement of co-evolutionary progress, introducing fitness ambiguities where improvements in performance of co-evolved individuals can appear as a decline or stasis in the usual measures of evolutionary progress. Unfortunately, no appropriate measures of fitness given the Red Queen effect have been developed in artificial life, theoretical biology, population dynamics, or evolutionary genetics. We propose a set of appropriate performance measures based on both genetic and behavioral data, and illustrate their use in a simulation of co-evolution between genetically specified continuous-time noisy recurrent neural networks which generate pursuit and evasion behaviors in autonomous agents.},
	Author = {Cliff, Dave and Miller, Geoffrey F.},
	Booktitle = {{Lecture Notes In Computer Science -- Advances in Artificial Life}},
	Date-Added = {2009-08-07 13:36:09 +0200},
	Date-Modified = {2009-08-07 13:44:02 +0200},
	Doi = {10.1.1.49.2404},
	Isbn = {3-540-59496-5},
	Keywords = {cea, pathologies, red queen (RQ),creatures,norns,artificial life,evolution,co-evolution},
	Organization = {Proceedings of the Third European Conference on Advances in Artificial Lif},
	Pages = {200--218},
	Publisher = {Springer Verlag},
	Title = {{Tracking The Red Queen: Measurements of adaptive progress in co-evolutionary simulations}},
	Url = {http://portal.acm.org/citation.cfm?id=648375},
	Volume = {929},
	Year = {1995}}

@inproceedings{BenGue04,
	Abstract = {The spatial plant distribution in virtual ecosystems is usually modeled by means of artificial life. Each plant is considered as a solitary element competing for its resources and obeying simple rules of behavior. Clustering, that is an important clue for visual perception, is achieved by sowing new plants close to their parents. In nature, plants aggregate to clusters that favor plants of the same kind. We introduce an approach that encompasses plant clusters by implicit curves. The clusters ?behave ? as compact units and plants inside the cluster have higher chance to survive. Clusters, in the contrary to individual plants, develop by grouped competition that provides visually plausible results, more convincing than those achieved by the previously published algorithms},
	Author = {Benes, Bedrich and Guerrero, Juan Miguel Soto},
	Booktitle = {WSCG'2004, February 2-6, 2004, Plzen, Czech Republic.},
	Date-Added = {2009-08-07 13:26:40 +0200},
	Date-Modified = {2009-08-07 13:32:31 +0200},
	Doi = {10.1.1.71.466},
	Editor = {Copyright UNION Agency -- Science Press},
	Keywords = {virtual ecosystem,visual simulation,procedural modeling,plant competition,clustering},
	Organization = {WSCG SHORT Communication papers proceedings},
	Title = {Clustering in Virtual Plant Ecosystems},
	Url = {http://citeseerx.ist.psu.edu/viewdoc/download?doi=10.1.1.71.466&rep=rep1&type=pdf},
	Year = {2004}}

@inbook{BenEsp03,
	Abstract = {In mainstream geometric modeling, cultivating virtual plant ecosystems is a difficult task. Algorithms for realistic scene generation are rooted in procedural models with no explicit or poor external control. We propose that virtual ecosystems modeling may be boosted using software agents as behavioral tools. An ecosystem grows and is driven by its internal rules of development. If it is left to its own fate, it will reach stability on the edge of chaos. Agents interact with ecosystems by adding plants, cutting or killing them, watering, stepping-over, or favoring some plant species. An agent is a characterization artifact that shows proactive conduct and is described by its set of sensors, effectors, internal states, and habits. Habits are defined as continuous functions and allow for characterizing a wide variety of behaviors.},
	Address = {Campus Ciudad de Mexico, ITESM, Mexico},
	Author = {Benes, B. and Espinosa, E.D},
	Date-Added = {2009-08-07 13:20:07 +0200},
	Date-Modified = {2009-08-07 13:25:50 +0200},
	Doi = {10.1109/CASA.2003.1199313},
	Inspec = {7898590},
	Isbn = {0-7695-1934-2},
	Issn = {1087-4844},
	Keywords = {virtual ecosystem,artificial ecosystems},
	Month = {May},
	Pages = {126--131},
	Publisher = {16th International Conference on Computer Animation and Social Agents, 2003.},
	Title = {Modeling virtual ecosystems with the proactive guidance of agents},
	Url = {http://ieeexplore.ieee.org/xpl/freeabs_all.jsp?arnumber=1199313},
	Year = {2003}}

@url{CreaturesDeveloperRessources,
	Author = {chris@double.co.nz},
	Date-Added = {2009-08-06 16:35:06 +0200},
	Date-Modified = {2009-08-06 17:47:12 +0200},
	Keywords = {creatures,creatures developper ressources,genetic programming,genetik kits},
	Lastchecked = {August 6th, 2009},
	Title = {The Creatures Developer Resource -- http://www.double.co.nz/creatures/},
	Url = {http://www.double.co.nz/creatures/},
	Urldate = {August 25th, 2005}}

@url{genornics,
	Author = {elemkay},
	Date-Added = {2009-08-06 16:32:54 +0200},
	Date-Modified = {2009-08-06 17:46:44 +0200},
	Keywords = {creatures,brain map,norns},
	Lastchecked = {August 6th, 2009},
	Title = {geNorNics -- http://meliweb.net/creatures/},
	Url = {http://meliweb.net/creatures/},
	Urldate = {July 28th, 1999}}

@book{DiasporaKubeMc,
	Abstract = {La plan{\`e}te bleue, la Terre, conna{\^\i}t des temps difficiles. Ses richesses naturelles s'{\'e}puisent. Pour y rem{\'e}dier, le Projet Diaspora est mis en place : un gigantesque vaisseau spatial doit d{\'e}coller vers d'autres galaxies, avec, {\`a} son bord, des milliers de Pionniers. Objectif : former de nouvelles colonies. Mais le projet est controvers{\'e}. On lui reproche de vouloir priver la terre de sa derni{\`e}re ressource : l'{\^e}tre humain. Ceux qui vont partir ont {\'e}t{\'e} soigneusement s{\'e}lectionn{\'e}s. G{\'e}n{\'e}tiquement, intellectuellement, ce sont les meilleurs. Le mouvement <<Notre Terre>> s'insurge contre de tels crit{\`e}res et semble r{\'e}solu {\`a} le faire {\'e}chouer. La r{\'e}sistance s'organise, violente parfois. Partira, partira pas ? Quelle chance donner au dernier avatar de l'aventure humaine, {\`a} cette nouvelle fronti{\`e}re qu'est l'espace intersid{\'e}ral ?

p.361 chapitre 28 <<genes chi a/b/c>>
	Von Neumann \_La th{\'e}orie de l'automate autoreproducteur\_  Pour les {\'e}ventuels partisans du <<tout g{\'e}n{\'e}tique>>, mais nous apprenons toute notre vie... {\`a} obtenir ce que nous voulons ! Le libre arbitre et la facult{\'e} de choisir : {\c c}a n'est que du <<bruit de fond>> !
	<<Ensemble de trois g{\`e}nes dont des variantes trouv{\'e}es chez trente et une esp{\`e}ces, toutes li{\'e}es sauf trois. Mais tout indique que cet ensemble a trouv{\'e} sa plus haute expression en nous [humains]. Je pense que l'Homosapiens fut le r{\'e}cipiendaire de la s{\'e}quence Chi. Ce nom ne signifie pas grand-chose. Il a {\'e}t{\'e} invent{\'e} lorsque la s{\'e}quence {\'e}tait d{\'e}j{\`a} connue en biochimie comparative. Mais pas un mot {\`a} son sujet dans les livres de m{\'e}decine ou de biologie... Ils ont {\'e}t{\'e} expurg{\'e}s. Les expos{\'e}s et communications ont {\'e}t{\'e} retir{\'e}s de la circulation, les droits de copyright et les brevets de biologie ont {\'e}t{\'e} tous rachet{\'e}s {\`a} prix d'or. Trois g{\`e}nes, A-B-C. Trois messages. Le but, la motivation et l'activateur, une petite s{\'e}quence de trente-trois codons. [...]>>
	Localisation : chromosome 21
	Les croyances, l'appel du ciel et des {\'e}toiles (du large), la vie qui se r{\'e}pand : g{\`e}ne B (b{\'e}b{\'e}) : soyez f{\'e}conds, croissez et multipliez, peuplez le monde (et au-del{\`a}) de votre prog{\'e}niture. Activateur, g{\`e}ne C donne l'{\'e}nergie, l'{\'e}tincelle. G{\`e}ne A : pousse {\`a} d{\'e}couvrir le monde. B au s{\'e}dentarisme.
	Trois g{\`e}nes donnent huit permutations possibles : diff{\'e}rentes sortes d'{\'e}lus... Les Chi-positifs (les trois g{\`e}nes actifs) sont le noyau de Diaspora. Pas seulement g{\'e}notypes, mais aussi arch{\'e}types. A pour ambition (A+ aventuriers), B pour la reproction (B+ casaniers) et C pour l'appel (C+ ``r{\^e}veurs'' / ``entendent des voix'' : foi raison et art, pr{\^e}tres/physiciens/philosophes. 
Combinatoires possibles :
	Les BC sont de bons citoyens, travailleurs, soldats. (appel signifie devoir, all{\'e}geance). mais avec de l'ambtion, cela deviens le cr{\'e}ateur (artiste, inventeur). AB font rois et magnats (les pr{\'e}f{\'e}r{\'e}s : ambitions et traditions). 
	Les Chi-n{\'e}gatifs : peuple sans but, aucune flamme, aucun d{\'e}sir, ``damn{\'e}s''.
	Pour les vaisseaux : pas de 100\% Chi-positifs car ils sont le ciment, il faut des pierres autour (que faire d'une arm{\'e}e de rois et d'aventuriers ? Il faut des gens autour !). Ataviques et r{\^e}veurs d'aucune utilit{\'e}. Donc essentiellement AC, BC et Chi+++ : noyau d'hommes stables, angag{\'e}s, qui connaissent leur place et leur r{\^o}le, levain cr{\'e}atif pour garder vivant l'id{\'e}al et faire face {\`a} l'inattendu (direction sage et ouverte). Les Chi+++ sont 4\% des dix milles passagers de chaque vaisseau.},
	Author = {Kube-McDowell, Michael P.},
	Date-Added = {2009-06-14 12:25:24 +0200},
	Date-Modified = {2009-06-14 12:31:55 +0200},
	Isbn = {2-277-23496-6},
	Keywords = {chi sequence,chi genes},
	Pages = {361},
	Publisher = {J'ai Lu SF},
	Title = {Projet Diaspora (The Quiet Pool)},
	Url = {http://gabywald.over-blog.com/article-94062.html},
	Volume = {3496},
	Year = {2003?}}

@article{BarZui03,
	Abstract = {Artificial Life models may shed new light on the long-standing challenge for evolutionary biology of explaining the origins of complex organs. Real progress on this issue, however, requires Artificial Life researchers to take seriously the tools and insights from population genetics.},
	Author = {Barton, Nick and Zuidema, Willem},
	Date-Added = {2009-05-26 12:27:14 +0200},
	Date-Modified = {2009-05-26 12:27:14 +0200},
	Doi = {10.1016/S0960-9822(03)00573-6},
	Journal = {Current Biology},
	Month = {Aug},
	Number = {16},
	Pages = {R649--R651},
	Title = {Evolution: the erratic path towards complexity},
	Url = {http://www.ncbi.nlm.nih.gov/pubmed/12932344},
	Volume = {13},
	Year = {2003}}

@article{CliGra99,
	Abstract = {An artficial life entertainment-software product called Creatures was released in Europe in late 1996 and in the United States and Japan in mid-1997. When installed on a domestic computer (PC or Macintosh), each Creatures CD-ROM creates a virtual world in which autonomous software agents exist. The agents, known as ``norns'', interact with the human user, with each other, and with objects in their virtual world. Each norn coordinates perception and action via its own modular recurrent neural network: Each network has Hebbian learning, plus diffuse modulation of activity via a ``hormonal'' system that is part of that norn's ``biochemistry''. Details of each norn's neural network and biochemistry are genetically specified, and norns can breed via sexual reproduction. In the reproduction process, genetic material may be mutated and may also be subjected to ``gene duplications'' that enable potentially unlimited increases in complexity of the norns' design. Over 500,000 Creatures CD-ROMS have now been sold. As each installed copy of Creatures can support 5 to 10 simultaneously existing individual norns, it seems reasonable to estimate that there are up to 5 million norns existing in the ``cyberspace'' provided by the global Creatures user community.

	Continued growth of the global norn population, to figures measured in tens of millions, is quite likely. Although a commercial product, the Creatures digital ecosystem should be of interest to artificial life scientists: There are obvious parallels with Yaeger's PolyWorld and Ray's NetTierra systems. This article provides a detailed discussion of the links between the artificial life literature and the technology used in Creatures and includes anecdotal discussion of the ``digital naturalism'' witnessed on the many independent websites maintained by Creatures enthusiasts.},
	Author = {Cliff, Dave and Grand, Stephen},
	Citeseerurl = {http://citeseerx.ist.psu.edu/viewdoc/download;jsessionid=A1FFCBF82EE8A97E5B5AAC67F062C764?doi=10.1.1.19.258&rep=rep1&type=pdf},
	Comment = {http://www.mitpressjournals.org/doi/abs/10.1162/106454699568683},
	Date-Added = {2009-05-25 14:11:14 +0200},
	Date-Modified = {2009-08-03 18:13:31 +0200},
	Doi = {10.1162/106454699568683},
	Journal = {Artificial Life},
	Keywords = {digital organism, artificial ecosystems, entertainment software,hebbian learning,creatures,virtual ecosystem},
	Note = {1999 Massachusetts Institute of Technology},
	Pages = {77--94},
	Title = {{The Creatures Global Digital Ecosystem}},
	Url = {http://www.ncbi.nlm.nih.gov/pubmed/10421678},
	Volume = {5},
	Year = {1999}}

@article{Dauten98,
	Abstract = {In this paper socially intelligent agents (SIA) are understood as agents which do not only from an observer point of view behave socially but which are able to recognize and identify other agents and establish and maintain relationships to other agents. The process of building socially intelligent agents is influenced by what the human as the designer considers `social', and conversely agent tools which are behaving socially can influence human conceptions of sociality. A Cognitive Technology (CT) approach towards designing SIA affords as an opportunity to study the process of 1) how new forms of interactions and functionalities and use of technology can emerge at the human-tool interface, 2) how social agents can constrain their cognitive and social potential, and 3) how social agent technology and human (social) cognition can co-evolve and co-adapt and result in new forms of sociality. Agent-human interaction requires a cognitive fit between SIA technology and the human-in-the-loop a...},
	Author = {Dautenhahn, Kerstin},
	Citeseerurl = {http://citeseerx.ist.psu.edu/viewdoc/summary?doi=10.1.1.30.35},
	Date-Added = {2009-05-27 12:27:14 +0200},
	Date-Modified = {2009-05-27 12:27:14 +0200},
	Doi = {10.1.1.30.35},
	Journal = {Applied Artificial Intelligence Journal, Special Issue on Socially Intelligent Agents},
	Pages = {12--17},
	Title = {{The Art of Designing Socially Intelligent Agents - Science, Fiction and the Human in the Loop}},
	Url = {http://citeseer.ist.psu.edu/article/dautenhahn98art.html},
	Volume = {12},
	Year = {1998}}

@inproceedings{GeShSa04,
	Abstract = {In this work, an interaction model between artificial life agents (creatures) is proposed, which allows studying emergent social behavior of agents. This model describes the environment of artificial life and autonomous creatures in terms of goal-states, rules of behavior based on agents' goals and actions, initial knowledge and the use of communication instructions. For the case of study, the technology and environment of Creatures Labs are used to implement artificial life agents based on the proposed model. },
	Author = {Germ{\'a}n-Soto, Ernesto and Sheremetov, Leonid B. and S{\'a}nchez-S{\'a}nchez, Christian},
	Booktitle = {Intelligent Virtual Environments and Virtual Agents (IVEVA)},
	Citeseerurl = {http://citeseer.ist.psu.edu/695112.html},
	Date-Added = {2009-04-26 14:00:50 +0200},
	Date-Modified = {2009-04-26 14:20:21 +0200},
	Doi = {10.1.1.58.2738},
	Editor = {ITESM Campus Ciudad de Mexico -- Mexico City -- D.F -- Mexico -- April 27th 2004},
	Keywords = {artificial life},
	Month = {April},
	Title = {Interaction Modeling with Artificial Life Agents},
	Url = {http://ftp.informatik.rwth-aachen.de/Publications/CEUR-WS/Vol-97/},
	Volume = {97},
	Year = {2004}}

@article{GraCli98,
	Abstract = {We present a technical description of Creatures, a commercial home-entertainment software package. Creatures provides a simulated environment in which exist a number of synthetic agents that a user can interact with in real-time. The agents (known as ``creatures'') are intended as sophisticated ``virtual pets''. The internal architecture of the creatures is strongly inspired by animal biology. Each creature has a neural network responsible for sensory-motor coordination and behavior selection, and an ``artificial
 biochemistry'' that models a simple energy metabolism along with a ``hormonal'' system that interacts with the neural network to model diffuse modulation of neuronal activity and staged ontogenetic development. A biologically inspired learning mechanism allows the neural network to adapt during the lifetime of a creature. Learning includes the ability to acquire a simple verb--object language. 
	Additionally, both the network architecture and details of the biochemistry for a creature are specified by a variable-length ``genetic'' encoding, allowing for evolutionary adaptation through sexual reproduction. Creatures, available on Windows95 platforms since late 1996, offers users an opportunity to engage with Artificial Life technologies. In addition to describing technical details, this paper concludes with a discussion of the scientific implications of the system.},
	Author = {Grand, Stephen and Cliff, Dave},
	Date-Added = {2009-05-26 12:27:14 +0200},
	Date-Modified = {2009-08-03 18:11:01 +0200},
	Journal = {Autonomous Agents and Multi-Agent Systems},
	Keywords = {Artificial Life,adaptative behavior,Evolutionary Computation,Entertainment Software,creatures,artificial biochemistry},
	Pages = {39--57},
	Title = {Creatures: Entertainment Software Agents with Artificial Life},
	Url = {http://www.springerlink.com/index/V1388046W1813UVW.pdf},
	Volume = {1},
	Year = {1998}}

@article{GraCli97,
	Abstract = {We present a technical description of Creatures, a commercial home-entertainment software package. Creatures provides a simulatedenvironment in which exist a number of synthetic agents that a user can interact with in real-time. The agents (known as ``creatures'') are intended as sophisticated  ``virtual pets''. The internal architecture of the creatures is strongly inspired by animal biology. Each creature has a neural network responsible for sensory-motorcoordinationand behavior selection, and an ``artificial biochemistry'' that models a simple energy metabolism along with a ``hormonal'' system that interacts with the neural network to model diffuse modulation of neuronal activity and staged ontogenetic development. A biologically inspired learning mechanism allows the neural network to adapt during the lifetime of a creature. Learning includes the ability to acquire a simple verb--object language.
	
	Additionnally, both of the network architecture and details of the biochemistry for a creature are specified in a variable--length ``genetic'' encoding, allowing for evolutionary adaptation through sexual reproduction. Creatures, available on Windows95 platforms since late 1996, offers users an opportunity to engage with Artificial Life Technologies. In addition to describing technical details, this papers concludes with a discussion of the scientific implications of the system.},
	Author = {Grand, Stephen and Cliff, Dave},
	Citeseerurl = {http://citeseerx.ist.psu.edu/viewdoc/summary?doi=10.1.1.18.9182},
	Date-Added = {2009-04-26 14:07:09 +0200},
	Date-Modified = {2009-08-03 18:12:44 +0200},
	Doi = {10.1.1.18.9182},
	Journal = {Autonomous Agents and Multi-Agent Systems},
	Keywords = {Artificial Life,adaptative behavior,Evolutionary Computation,Adaptative Behavior,artificial biochemistry,creatures,entertainment software},
	Pages = {1--20},
	Title = {Creatures: Entertainment Software Agents with Artificial Life},
	Volume = {100},
	Year = {1997}}

@inproceedings{GrClMa97,
	Abstract = {This paper gives a technical description of Creatures, a commercial home-entertainment software package. Creatures provides a simulated environment in which exist a number of synthetic agents that a user can interact with in real-time. The agents (known as ``creatures'') are intended as ``virtual pets''. The internal architecture of the creatures is inspired by animal biology. Each creature has a neural network responsible for sensory-motor coordination and behavior selection, and an ``artificial biochemistry'' that models a simple energy metabolism along with a ``hormonal'' system that interacts with the neural network to model diffuse modulation of neuronal activity and staged ontogenetic development. A Hebbian learning mechanism allows the neural network to adapt during the lifetime of a creature. Additionally, both the network architecture and details of the biochemistry for a creature are specified by a variable-length ``genetic'' encoding, allowing for evolutionary adaptation through sexual reproduction. Creatures, available on Windows95 and Macintosh platforms from late 1996, offers users an opportunity to engage with Artificial Life technologies. In addition to describing technical details, this paper concludes with a discussion of the scientific implications of the system. },
	Address = {Marina del Rey, California, United States},
	Author = {Grand, Stephen and Cliff, Dave and Malhotra, Anil},
	Booktitle = {Agents '97 Conference Proceedings},
	Citeseerurl = {http://portal.acm.org/citation.cfm?id=267658.267663},
	Date-Added = {2009-04-26 13:47:34 +0200},
	Date-Modified = {2009-08-03 18:11:33 +0200},
	Isbn = {0-89791-877-0},
	Keywords = {creatures,agents autonomes,artificial biochemistry,entertainment software},
	Organization = {Millenium Interactive},
	Pages = {22-29},
	Publisher = {International Conference on Autonomous Agents},
	Series = {Proceedings of the first international conference on Autonomous agents},
	Title = {Creatures: Artificial Life Autonomous Software Agents for Home Entertainment},
	Url = {http://sigart.acm.org/proceedings/agents97/A157/A157.PDF},
	Year = {1997}}

@techreport{GrClMa96,
	Abstract = {This paper gives a technical description of Creatures, a commercial home-entertainment software package. Creatures provides a simulated environment in which exist a number of synthetic agents that a user can interact with in real-time. The agents (known as ``creatures'') are intended as ``virtual pets''. The internal architecture of the creatures is inspired by animal biology. Each creature has a neural network responsible for sensory-motor coordination and behavior selection, and an ``artificial biochemistry'' that models a simple energy metabolism along with a ``hormonal'' system that interacts with the neural network to model diffuse modulation of neuronal activity and staged ontogenetic development. A Hebbian learning mechanism allows the neural network to adapt during the lifetime of a creature.

	Additionally, both the network architecture and details of the biochemistry for a creature are specified by a variable-length ``genetic'' encoding, allowing for evolutionary adaptation through sexual reproduction. Creatures, available on Windows95 and Macintosh platforms from late 1996, offers users an opportunity to engage with Artificial Life technologies. In addition to describing technical details, this paper concludes with a discussion of the scientific implications of the system. },
	Author = {Grand, Stephen and Cliff, Dave and Malhotra, Anil},
	Date-Added = {2009-04-26 12:41:45 +0200},
	Date-Modified = {2009-08-03 18:08:10 +0200},
	Doi = {10.1.1.19.6704},
	Institution = {Millennium Technical Report 9601; University of Sussex Technical Report CSRP434},
	Keywords = {hebbian learning,sensory network,neural network,artificial life,virtual pets,norns,albia,creatures,agent,sensory-motor coordination},
	Number = {9601 / CSRP434},
	Title = {Creatures: Artificial Life Autonomous Software Agents for Home Entertainment},
	Type = {Presentation},
	Year = {1996}}

@article{Harvey99,
	Author = {Harvey, Inman},
	Date-Added = {2009-05-26 12:27:14 +0200},
	Date-Modified = {2009-05-26 12:27:14 +0200},
	Doi = {10.1038/23142},
	Journal = {Nature},
	Month = {Aug},
	Pages = {618--619},
	Title = {Evolution: Creatures from another world},
	Url = {http://www.ncbi.nlm.nih.gov/pubmed/10458156},
	Volume = {400},
	Year = {1999}}

@article{Hokkan99,
	Abstract = {This review is about a field that does not traditionally belong to biological sciences. A branch of computer animation has its mission to create active self-powered objects living artificial lives in the theoretical biology zone. Selected work, of particular interest to biologists, is presented here. These works include animated simulations of legged locomotion, flexible-bodied animals swimming and crawling, artificial fish in virtual ecosystems, automated learning of swimming and the evolution of virtual creatures with respect to morphology, locomotion and behaviour. The corresponding animations are available for downloading via the Internet. I hope that watching these intriguing pieces of visual simulation will stimulate digitally oriented biologists to seize the interactive methods made possible by ever-increasing computing power.},
	Author = {Hokkanen, J. E.},
	Date-Added = {2009-05-26 12:27:14 +0200},
	Date-Modified = {2009-08-03 18:09:49 +0200},
	Journal = {The Journal of experimental biology},
	Keywords = {virtual ecosystem},
	Month = {Dec},
	Number = {Pt 23},
	Pages = {3477--3484},
	Title = {Visual simulations, artificial animals and virtual ecosystems.},
	Url = {http://www.ncbi.nlm.nih.gov/pubmed/10562531},
	Volume = {202},
	Year = {1999}}

@techreport{IsBuHe07,
	Author = {Issacharoff, Limor and Buzna, Lubos and Helbing, Dirk},
	Date-Added = {2009-04-26 12:32:51 +0200},
	Date-Modified = {2009-04-26 12:38:27 +0200},
	Institution = {Integrated Risk Reduction of Information-based Infrastructure Systems (IRIIS)},
	Keywords = {Integrated Risk Reduction of Information-based Infrastructure Systems (IRIIS),Information Society Technologies (IST),evolutionnary based method,swarm intelligence,ant,routing algorithms,Artificial Immune System (AIS),genetic algorithms},
	Month = {September},
	Number = {027568},
	Title = {Overview on Bio-inspired operation strategies (Deliverable D 2.2.3)},
	Type = {Integrated Project (IST Project 027568)},
	Url = {http://www.irriis.org/File.aspx?lang=2&oiid=9139&pid=572},
	Year = {2007}}

@inproceedings{KhBeBe08,
	Abstract = {La reconnaissance automatique de l'{\'e}criture occupe un espace important dans la recherche scientifique car elle offre une facilit{\'e} d'utilisation dans diff{\'e}rents domaines d'application : domaine bancaire, postal, le e-commerce{\ldots} De nombreuses m{\'e}thodes ont {\'e}t{\'e} utilis{\'e}es pour la reconnaissance d'{\'e}criture, dans cet article nous pr{\'e}senterons des m{\'e}thodes inspir{\'e}es du syst{\'e}me immunitaire naturel que nous appliquerons pour la reconnaissance des chiffres. Des r{\'e}sultats satisfaisants ont {\'e}t{\'e} not{\'e}s durant les exp{\'e}riences d'un taux maximal de 95% en vu d'am{\'e}lioration par hybridation avec des m{\'e}thodes d'optimisations.},
	Author = {Khelil, Hiba and Benyettou, Abdelkader and Bela{\"\i}d, Abdel},
	Booktitle = {Maghrebian Conference on Software Engineering and Artificial Intelligence - MCSEAI'08 (2008)},
	Date-Added = {2009-04-26 13:41:22 +0200},
	Date-Modified = {2009-08-03 18:07:54 +0200},
	Keywords = {Reconnaissance des chiffres, syst{\`e}me immunitaire naturel (NIS), syst{\`e}me immunitaire artificiel (AIS), antig{\`e}ne, cellules B m{\'e}moire,Artificial Immune System (AIS),B cell,Natural Immune System (NIS),antigen},
	Month = {December},
	Title = {Application du syst{\`e}me immunitaire artificiel pour la reconnaissance des chiffres},
	Url = {http://hal.archives-ouvertes.fr/docs/00/34/72/11/PDF/hiba-MCSEAI_08.pdf},
	Year = {2008}}

@book{KiSeCh05,
	Annote = {Cellular automata chapter (chapter2) : citation of Stephen Wolfram},
	Author = {Kier, Lemont B. and Seybold, Paul G. and Cheng, Chao-Kun},
	Date-Added = {2009-05-26 12:27:14 +0200},
	Date-Modified = {2009-05-26 12:27:14 +0200},
	Doi = {10.1007/1-4020-3690-6},
	Editor = {Springer Netherlands},
	Keywords = {Chemistry, Simulation and Modeling, Computer Applications in Chemistry, Math. Applications in Chemistry, Physical Chemistry,Theoretical and Computational Chemistry},
	Number = {978-1-4020-3657-6 (Print) 978-1-4020-3690-3 (Online)},
	Publisher = {Springer Netherlands},
	Title = {{Modeling Chemical Systems Using Cellular Automata -- A textbook and laboratory manual}},
	Url = {http://www.springerlink.com/content/m14521/?p=ae7ce200986b42978240efbb4962e00a&pi=0},
	Year = {2005}}

@article{LeOfPe03,
	Abstract = {A long-standing challenge to evolutionary theory has been whether it can explain the origin of complex organismal features. We examined this issue using digital organisms--computer programs that self-replicate, mutate, compete and evolve. Populations of digital organisms often evolved the ability to perform complex logic functions requiring the coordinated execution of many genomic instructions. Complex functions evolved by building on simpler functions that had evolved earlier, provided that these were also selectively favoured. However, no particular intermediate stage was essential for evolving complex functions. The first genotypes able to perform complex functions differed from their non-performing parents by only one or two mutations, but differed from the ancestor by many mutations that were also crucial to the new functions. In some cases, mutations that were deleterious when they appeared served as stepping-stones in the evolution of complex features. These findings show how complex functions can originate by random mutation and natural selection.},
	Author = {Lenski, Richard E. and Ofria, Charles and Pennock, Robert T. and Adami, Christoph},
	Date-Added = {2009-05-26 12:27:14 +0200},
	Date-Modified = {2009-05-26 12:27:14 +0200},
	Doi = {10.1038/nature01568},
	Journal = {Nature},
	Month = {May},
	Number = {6936},
	Pages = {139--144},
	Title = {The evolutionary origin of complex features},
	Url = {http://www.ncbi.nlm.nih.gov/pubmed/12736677},
	Volume = {423},
	Year = {2003}}

@article{LeRiBi03,
	Abstract = {The availability of the sequenced Drosophila melanogaster genome provides an opportunity to study sequence variation between copies within transposable element families. In this study,we analyzed the 624 copies of 22 transposable element (TE) families (14 LTR retrotransposons, five non-LTR retrotransposons, and three transposons). LTR and non-LTR retrotransposons possessed far fewer divergent elements than the transposons,suggesting that the difference depends on the transposition mechanism. However,there was not a continuous range of divergence of the copies in each class,which were either very similar to the canonical elements,or very divergent from them. This sequence homogeneity among TE family copies matches the theoretical models of the dynamics of these repeated sequences. The sequenced Drosophila genome thus appears to be composed of a mixture of TEs that are still active and of ancient relics that have degenerated and the distribution of which along the chromosomes results from natural selection. This clearly demonstrates that the TEs are highly active within the genome,suggesting that the genetic variability of the Drosophila genome is still being renewed by the action of TEs.},
	Author = {Lerat, Emmanuelle and Rizzon, Car{\`e}ne and Bi{\'e}mont, Christian},
	Date-Added = {2009-06-03 16:31:43 +0200},
	Date-Modified = {2009-06-03 16:31:43 +0200},
	Journal = {Genome Research},
	Keywords = {Transposable Elements (TE)},
	Month = {Aug},
	Number = {8},
	Pages = {1889--1896},
	Title = {Sequence divergence within transposable element families in the Drosophila melanogaster genome.},
	Url = {http://www.ncbi.nlm.nih.gov/pubmed/12869581},
	Volume = {13},
	Year = {2003}}

@article{LoeSch01,
	Abstract = {The newly emerging field of computational cell biology requires software tools that address the needs of a broad community of scientists. Cell biological processes are controlled by an interacting set of biochemical and electrophysiological events that are distributed within complex cellular structures. Computational modeling is familiar to researchers in fields such as molecular structure, neurobiology and metabolic pathway engineering, and is rapidly emerging in the area of gene expression. Although some of these established modeling approaches can be adapted to address problems of interest to cell biologists, relatively few software development efforts have been directed at the field as a whole. The Virtual Cell is a computational environment designed for cell biologists as well as for mathematical biologists and bioengineers. It serves to aid the construction of cell biological models and the generation of simulations from them. The system enables the formulation of both compartmental and spatial models, the latter with either idealized or experimentally derived geometries of one, two or three dimensions.},
	Author = {Loew, Leslie M. and Schaff, James C.},
	Date-Added = {2009-05-26 12:27:14 +0200},
	Date-Modified = {2009-08-03 18:09:28 +0200},
	Doi = {10.1016/S0167-7799(01)01740-1},
	Journal = {Trends in biotechnology},
	Keywords = {virtual cell},
	Month = {Oct},
	Number = {10},
	Pages = {401--406},
	Title = {The Virtual Cell: a software environment for computational cell biology.},
	Url = {http://www.ncbi.nlm.nih.gov/pubmed/11587765},
	Volume = {19},
	Year = {2001}}

@article{MIGSom01,
	Abstract = {Laurent Mignonneau and Christa Sommerer - Creating Artificial Life for Interactive Art and Entertainment - Leonardo 34:4 Leonardo 34.4 (2001) 303-307 Artists' Article Creating Artificial Life for Interactive Art and Entertainment Laurent Mignonneau and Christa Sommerer [Figures] Abstract This article consists of two sections: the first provides a brief overview of artificial-life art and entertainment software, some of the main products and their peculiarities; and the second describes one of the authors' artificial-life software products, called Life Spacies II, which was created between 1997 and 1999. This system consists of a web page that allows users to create artificial-life creatures by simply typing in text characters using a web page ``editor''. Written text is used as genetic code to model the creature's body. The body shape subsequently influences the creature's ability to move, which in turn determines the creature's behavior, survival and reproduction within the Life Spacies II environment. In addition, users of the system can feed the creatures with text characters and thus even more actively influence the creatures' survival and reproduction in their environment. An Overview of Artificial-Life Art and Entertainment Software Artists and designers have created artificial-life art software since the early 1990s. Much of the inspiration for creating digital life-forms on a computer screen has been provided by Richard Dawkins's The Blind...},
	Author = {Mignonneau, Laurent and Sommerer, Christa},
	Date-Added = {2009-04-26 12:27:14 +0200},
	Date-Modified = {2009-04-26 12:31:35 +0200},
	Journal = {Leonardo},
	Keywords = {MUSE Projet,artificial life,life space,interactive art,Life Spacies II},
	Month = {August},
	Number = {4},
	Pages = {303--307},
	Title = {Creating Artificial Life for Interactive Art and Entertainment},
	Url = {http://muse.jhu.edu/login?uri=/journals/leonardo/v034/34.4mignonneau.html},
	Volume = {34},
	Year = {2001}}

@article{MitFor93,
	Abstract = {Genetic algorithms are computational models of evolution that play a central role in many artificial-life models. We review the history and current scope of research on genetic algorithms in artificial life, using illustrative examples in which the genetic algorithm is used to study how learning and evolution interact, and to model ecosystems, immune system, cognitive systems, and social systems. We also outline a number of open questions and future directions for genetic algorithms in artificial-life research. 1 Introduction Evolution by natural selection is a central idea in biology, and the concept of natural selection has influenced our view of biological systems tremendously. Likewise, evolution of artificial systems is an important component of artificial life, providing an important modeling tool and an automated design method. Genetic algorithms (GAs) are currently the most prominent and widely used models of evolution in artificial-life systems. GAs have been used both as too...},
	Annote = {nine (9) applications of genetic algorithms
	- Optimization
	- Automatic Programming
	- Machine and robot learning
	- Economic models
	- Immune system models
	- Ecological models
	- Population genetics models
	- Interactions between evolution and learning
	- Models of social systems

Baldwin effect : learning and evolution, transmission of the capacity to learn
Ecosystems
Immune Systems},
	Author = {Mitchell, Melanie and Forrest, Stephanie},
	Citeseerurl = {http://citeseerx.ist.psu.edu/viewdoc/summary?doi=10.1.1.34.8840},
	Date-Added = {2009-05-27 12:27:14 +0200},
	Date-Modified = {2009-08-03 18:07:03 +0200},
	Doi = {10.1.1.34.8840},
	Journal = {Artificial Life},
	Keywords = {artificial life,genetic algorithms},
	Pages = {267--289},
	Title = {Genetic Algorithms and Artificial Life},
	Volume = {1},
	Year = {1993}}

@other{WikiPathenoGenese,
	Author = {Wikipedia},
	Date-Added = {2009-04-26 16:31:43 +0200},
	Date-Modified = {2009-08-24 18:40:15 +0200},
	Keywords = {parthenogenese,reproduction},
	Title = {http://fr.wikipedia.org/wiki/{P}arthenogenese},
	Url = {http://fr.wikipedia.org/wiki/Parthenogenese}}

@inproceedings{RiBiGo02,
	Abstract = {see FlyGATE : http://stat.genopole.cnrs.fr/fg/help/about_FlyGATE.jsp   Most eukaryotic genomes contain various repeated DNA sequences, among which transposable elements (TEs) are known to have played a major role in evolutionary processes as they constitute a source of genetic innovation (Bi{\'e}mont and Vieira, 2005, 2006). Knowledge of the distribution of TE insertions along the chromosomes and of the characteristics of their sequences is a prerequisite to understand their origin, dynamics, and phylogeny, their precise influence on genomes, the way they are regulated, and the forces that are acting to control them within genomes, populations, and species. Various studies have been performed on the diversity and evolution of TE sequences in different sequenced eukaryotic genomes, either on specific elements, specific families of elements, or on all the TE inserts of the genome. These studies appear, however, limited in scope by the rarity of efficient bioinformatics tools that are needed when many sequences are to be analyzed in relation with the other genomic constituents of the genomes, like genes and other DNA sequences, to decipher the interactions at stake between genomic components (e.g., Sironi et al., 2005) and to test models of TE sequence evolution (Brookfield, 1986). To make the analysis of TE sequences easier and to centralize information concerning TEs and their interactions with genes within a genome, we have developed FlyGATE, a knowledge base for the TEs of the sequenced genome of Drosophila melanogaster. This base relies on GATE (Genome Analysis for Transposable Elements) (Rizzon, 2002), an object-oriented data model that proposes an ontology for TEs of any eukaryotic genome.},
	Address = {Saint-Malo},
	Author = {Rizzon, Car{\`e}ne and Bi{\'e}mont, Christian and Gouy, Manolo},
	Booktitle = {Journ{\'e}es Ouvertes Biologie, Informatique Math{\'e}matiques},
	Date-Added = {2009-06-03 16:31:43 +0200},
	Date-Modified = {2009-06-03 16:31:43 +0200},
	Editor = {Journ{\'e}es Ouvertes Biologie, Informatique Math{\'e}matiques},
	Keywords = {Transposable Elements (TE)},
	Month = {Juin},
	Organization = {Journ{\'e}es Ouvertes Biologie, Informatique Math{\'e}matiques},
	Pages = {301--307},
	Title = {{GATE} : un mod{\`e}le orient{\'e} objet d{\'e}di{\'e} {\`a} l'analyse des {\'e}l{\'e}ments transposables des g{\'e}nomes eucaryotes // GATE: an object-oriented model dedicated to the analysis of transposable elements in eukaryote genomes},
	Url = {http://www.irisa.fr/manifestations/2002/jobim/papiers/O-p301_133.pdf},
	Year = {2002}}

@article{RiMaGo02,
	Abstract = {We analyzed the distribution of 54 families of transposable elements (TEs; transposons, LTR retrotransposons, and non-LTR retrotransposons) in the chromosomes of Drosophila melanogaster, using data from the sequenced genome. The density of LTR and non-LTR retrotransposons (RNA-based elements) was high in regions with low recombination rates, but there was no clear tendency to parallel the recombination rate. However, the density of transposons (DNA-based elements) was significantly negatively correlated with recombination rate. The accumulation of TEs in regions of reduced recombination rate is compatible with selection acting against TEs, as selection is expected to be weaker in regions with lower recombination. The differences in the relationship between recombination rate and TE density that exist between chromosome arms suggest that TE distribution depends on specific characteristics of the chromosomes (chromatin structure, distribution of other sequences), the TEs themselves (transposition mechanism), and the species (reproductive system, effective population size, etc.), that have differing influences on the effect of natural selection acting against the TE insertions.},
	Author = {Rizzon, Car{\`e}ne and Marais, Gabriel and Gouy, Manolo and Bi{\'e}mont, Christian},
	Date-Added = {2009-06-03 16:31:43 +0200},
	Date-Modified = {2009-06-03 16:31:43 +0200},
	Journal = {Genome Research},
	Keywords = {Transposable Elements (TE)},
	Month = {Mar},
	Number = {3},
	Pages = {400--407},
	Title = {Recombination rate and the distribution of transposable elements in the Drosophila melanogaster genome.},
	Url = {http://www.ncbi.nlm.nih.gov/pubmed/11875027},
	Volume = {12},
	Year = {2002}}

@article{SlScCa02,
	Abstract = {The field of computational cell biology has emerged within the past 5 years because of the need to apply disciplined computational approaches to build and test complex hypotheses on the interacting structural, physical, and chemical features that underlie intracellular processes. To meet this need, newly developed software tools allow cell biologists and biophysicists to build models and generate simulations from them. The construction of general-purpose computational approaches is especially challenging if the spatial complexity of cellular systems is to be explicitly treated. This review surveys some of the existing efforts in this field with special emphasis on a system being developed in the authors' laboratory, Virtual Cell. The theories behind both stochastic and deterministic simulations are discussed. Examples of respective applications to cell biological problems in RNA trafficking and neuronal calcium dynamics are provided to illustrate these ideas.},
	Author = {Slepchenko, Boris M. and Schaff, James C. and Carson, John H. and Loew, Leslie M.},
	Date-Added = {2009-05-26 12:27:14 +0200},
	Date-Modified = {2009-05-26 12:27:14 +0200},
	Journal = {Annual review of biophysics and biomolecular structure},
	Pages = {423--441},
	Title = {Computational cell biology: spatiotemporal simulation of cellular events.},
	Url = {http://www.ncbi.nlm.nih.gov/pubmed/11988477},
	Volume = {31},
	Year = {2002}}

@article{SlScMa03,
	Abstract = {Cell biological processes are controlled by an interacting set of biochemical and electrophysiological events that are distributed within complex cellular structures. Computational models, comprising quantitative data on the interacting molecular participants in these events, provide a means for applying the scientific method to these complex systems. The Virtual Cell is a computational environment designed for cell biologists, to facilitate the construction of models and the generation of predictive simulations from them. This review summarizes how a Virtual Cell model is assembled and describes the physical principles underlying the calculations that are performed. Applications to problems in nucleocytoplasmic transport and intracellular calcium dynamics will illustrate the power of this paradigm for elucidating cell biology.},
	Author = {Slepchenko, Boris M. and Schaff, James C. and Macara, Ian and Loew, Leslie M.},
	Date-Added = {2009-05-26 12:27:14 +0200},
	Date-Modified = {2009-08-03 18:09:20 +0200},
	Doi = {10.1016/j.tcb.2003.09.002},
	Journal = {Trends in cell biology},
	Keywords = {virtual cell},
	Month = {Nov},
	Number = {11},
	Pages = {570--576},
	Title = {Quantitative cell biology with the Virtual Cell},
	Url = {http://www.ncbi.nlm.nih.gov/pubmed/14573350},
	Volume = {13},
	Year = {2003}}

@phdthesis{Taylor99,
	Abstract = {This work addresses the question: What are the basic design considerations for creating a synthetic model of the evolution of living systems (i.e. an 'artificial life' system)? It can also be viewed as an attempt to elucidate the logical structure (in a very general sense) of biological evolution. However, with no adequate definition of life, the experimental portion of the work concentrates on more specific issues, and primarily on the issue of open-ended evolution. An artificial evolutionary system called Cosmos, which provides a virtual operating system capable of simulating the parallel processing and evolution of a population of several thousand self-reproducing computer programs, is introduced. Cosmos is related to Ray's established Tierra system [Ray 91], but there are a number of significant differences. A wide variety of experiments with Cosmos, which were designed to investigate its evolutionary dynamics, are reported. An analysis of the results is presented, with particular attention given to the role of contingency in determining the outcome of the runs. The results of this work, and consideration of the existing literature on artificial evolutionary systems, leads to the conclusion that artificial life models such as this are lacking on a number of theoretical and methodological grounds. It is emphasised that explicit theoretical considerations should guide the design of such models, if they are to be of scientific value. An analysis of various issues relating to self-reproduction, especially in the context of evolution, is presented, including some extensions to von Neumann's analysis of self-reproduction [von Neumann 66]. This suggests ways in which the evolutionary potential of such models might be improved. In particular, a shift of focus is recommended towards a more careful consideration of the phenotypic capabilities of the reproducing individuals. Phenotypic capabilities fundamentally involve interactions with the environment (both abiotic and biotic), and it is further argued that the theoretical grounding upon which these models should be based must include consideration of the kind of environments and the kind of interactions required for open-ended evolution. A number of useful future research directions are identified. Finally, the relevance of such work to the original goal of modelling the evolution of living systems (as opposed to the more general goal of modelling open-ended evolution) is discussed. It is suggested that the study of open-ended evolution can lead us to a better understanding of the essential properties of life, but only if the questions being asked in these studies are phrased appropriately.},
	Address = {UK},
	Author = {Taylor, Timothy John},
	Citeseerurl = {http://citeseerx.ist.psu.edu/viewdoc/summary?doi=10.1.1.63.505},
	Date-Added = {2009-05-27 12:27:14 +0200},
	Date-Modified = {2009-05-27 12:27:14 +0200},
	Doi = {10.1.1.63.505},
	Keywords = {genetic algorithms, genetic programming},
	School = {University of Edinburg},
	Title = {From Artificial Evolution to Artificial Life},
	Url = {http://www.tim-taylor.com/papers/thesis/},
	Year = {1999}}

@other{WikGenAlg,
	Abstract = {Genetic algorithm  From Wikipedia, the free encyclopedia A genetic algorithm (GA) is a search technique used in computing to find exact or approximate solutions to optimization and search problems. Genetic algorithms are categorized as global search heuristics. Genetic algorithms are a particular class of evolutionary algorithms (also known as evolutionary computation) that use techniques inspired by evolutionary biology such as inheritance, mutation, selection, and crossover (also called recombination).  Contents  1 Methodology 1.1 Initialization 1.2 Selection 1.3 Reproduction 1.4 Termination 1.5 Simple generational genetic algorithm pseudocode 1.6 Observations 2 Variants 3 Problem domains 4 History 5 Related techniques 6 Building block hypothesis 7 See also 8 Applications 9 Notes 10 References 11 External links 11.1 Controversy 11.2 Applications 11.3 Resources 11.4 Tutorials 11.5 Libraries  Methodology  Genetic algorithms are implemented as a computer simulation in which a population of abstract representations (called chromosomes or the genotype of the genome) of candidate solutions (called individuals, creatures, or phenotypes) to an optimization problem evolves toward better solutions. Traditionally, solutions are represented in binary as strings of 0s and 1s, but other encodings are also possible. The evolution usually starts from a population of randomly generated individuals and happens in generations. In each generation, the fitness of every individual in the population is evaluated, multiple individuals are stochastically selected from the current population (based on their fitness), and modified (recombined and possibly randomly mutated) to form a new population. The new population is then used in the next iteration of the algorithm. Commonly, the algorithm terminates when either a maximum number of generations has been produced, or a satisfactory fitness level has been reached for the population. If the algorithm has terminated due to a maximum number of generations, a satisfactory solution may or may not have been reached.  Genetic algorithms find application in bioinformatics, phylogenetics, computational science, engineering, economics, chemistry, manufacturing, mathematics, physics and other fields.  A typical genetic algorithm requirements:  a genetic representation of the solution domain, a fitness function to evaluate the solution domain. A standard representation of the solution is as an array of bits. Arrays of other types and structures can be used in essentially the same way. The main property that makes these genetic representations convenient is that their parts are easily aligned due to their fixed size, that facilitates simple crossover operation. Variable length representations may also be used, but crossover implementation is more complex in this case. Tree-like representations are explored in Genetic programming and graph-form representations are explored in Evolutionary programming.  The fitness function is defined over the genetic representation and measures the quality of the represented solution. The fitness function is always problem dependent. For instance, in the knapsack problem one wants to maximize the total value of objects that can be put in a knapsack of some fixed capacity. A representation of a solution might be an array of bits, where each bit represents a different object, and the value of the bit (0 or 1) represents whether or not the object is in the knapsack. Not every such representation is valid, as the size of objects may exceed the capacity of the knapsack. The fitness of the solution is the sum of values of all objects in the knapsack if the representation is valid, or 0 otherwise. In some problems, it is hard or even impossible to define the fitness expression; in these cases, interactive genetic algorithms are used.  Once we have the genetic representation and the fitness function defined, GA proceeds to initialize a population of solutions randomly, then improve it through repetitive application of mutation, crossover, inversion and selection operators.   Initialization  Initially many individual solutions are randomly generated to form an initial population. The population size depends on the nature of the problem, but typically contains several hundreds or thousands of possible solutions. Traditionally, the population is generated randomly, covering the entire range of possible solutions (the search space). Occasionally, the solutions may be ``seeded'' in areas where optimal solutions are likely to be found.   Selection  During each successive generation, a proportion of the existing population is selected to breed a new generation. Individual solutions are selected through a fitness-based process, where fitter solutions (as measured by a fitness function) are typically more likely to be selected. Certain selection methods rate the fitness of each solution and preferentially select the best solutions. Other methods rate only a random sample of the population, as this process may be very time-consuming.  Most functions are stochastic and designed so that a small proportion of less fit solutions are selected. This helps keep the diversity of the population large, preventing premature convergence on poor solutions. Popular and well-studied selection methods include roulette wheel selection and tournament selection.   Reproduction  The next step is to generate a second generation population of solutions from those selected through genetic operators: crossover (also called recombination), and/or mutation.  For each new solution to be produced, a pair of ``parent'' solutions is selected for breeding from the pool selected previously. By producing a ``child'' solution using the above methods of crossover and mutation, a new solution is created which typically shares many of the characteristics of its ``parents''. New parents are selected for each child, and the process continues until a new population of solutions of appropriate size is generated. Although reproduction methods that are based on the use of two parents are more ``biology inspired'', recent researches (Islam Abou El Ata 2006) suggested more than two ``parents'' are better to be used to reproduce a good quality chromosome.  These processes ultimately result in the next generation population of chromosomes that is different from the initial generation. Generally the average fitness will have increased by this procedure for the population, since only the best organisms from the first generation are selected for breeding, along with a small proportion of less fit solutions, for reasons already mentioned above.   Termination  This generational process is repeated until a termination condition has been reached. Common terminating conditions are:  A solution is found that satisfies minimum criteria Fixed number of generations reached Allocated budget (computation time/money) reached The highest ranking solution's fitness is reaching or has reached a plateau such that successive iterations no longer produce better results Manual inspection Combinations of the above  Simple generational genetic algorithm pseudocode  Choose initial population Evaluate the fitness of each individual in the population Repeat until termination: (time limit or sufficient fitness achieved) Select best-ranking individuals to reproduce Breed new generation through crossover and/or mutation (genetic operations) and give birth to offspring Evaluate the individual fitnesses of the offspring Replace worst ranked part of population with offspring  Observations  There are several general observations about the generation of solutions via a genetic algorithm:  Repeated fitness function evaluation for complex problems is often the most prohibitive and limiting segment of artificial evolutionary algorithms. Finding optimal solution to complex high dimensional, multimodal problems often requires very expensive fitness function evaluations. In real world problems such as structural optimization problems, one single function evaluation may require several hours to several days of complete simulation. Typical optimization method can not deal with such a type of problem. In this case, it may be necessary to forgo an exact evaluation and use an approximated fitness that is computationally efficient. It is apparent that amalgamation of approximate models may be one of the most promising approaches to convincingly use EA to solve complex real life problems. The ``better'' is only in comparison to other solution. As a result, the stop criterion is not clear. In many problems, GAs may have a tendency to converge towards local optima or even arbitrary points rather than the global optimum of the problem. This means that it does not ``know how'' to sacrifice short-term fitness to gain longer-term fitness. The likelihood of this occurring depends on the shape of the fitness landscape: certain problems may provide an easy ascent towards a global optimum, others may make it easier for the function to find the local optima. This problem may be alleviated by using a different fitness function, increasing the rate of mutation, or by using selection techniques that maintain a diverse population of solutions, although the No Free Lunch theorem proves that there is no general solution to this problem. A common technique to maintain diversity is to impose a "niche penalty", wherein, any group of individuals of sufficient similarity (niche radius) have a penalty added, which will reduce the representation of that group in subsequent generations, permitting other (less similar) individuals to be maintained in the population. This trick, however, may not be effective, depending on the landscape of the problem. Diversity is important in genetic algorithms (and genetic programming) because crossing over a homogeneous population does not yield new solutions. In evolution strategies and evolutionary programming, diversity is not essential because of a greater reliance on mutation. Operating on dynamic data sets is difficult, as genomes begin to converge early on towards solutions which may no longer be valid for later data. Several methods have been proposed to remedy this by increasing genetic diversity somehow and preventing early convergence, either by increasing the probability of mutation when the solution quality drops (called triggered hypermutation), or by occasionally introducing entirely new, randomly generated elements into the gene pool (called random immigrants). Again, evolution strategies and evolutionary programming can be implemented with a so-called "comma strategy'' in which parents are not maintained and new parents are selected only from offspring. This can be more effective on dynamic problems. GAs cannot effectively solve problems in which the only fitness measure is a single right/wrong measure, as there is no way to converge on the solution (no hill to climb). In these cases, a random search may find a solution as quickly as a GA. However, if the situation allows the success/failure trial to be repeated giving (possibly) different results, then the ratio of successes to failures provides a suitable fitness measure. Selection is clearly an important genetic operator, but opinion is divided over the importance of crossover versus mutation. Some argue that crossover is the most important, while mutation is only necessary to ensure that potential solutions are not lost. Others argue that crossover in a largely uniform population only serves to propagate innovations originally found by mutation, and in a non-uniform population crossover is nearly always equivalent to a very large mutation (which is likely to be catastrophic). There are many references in Fogel (2006) that support the importance of mutation-based search, but across all problems the No Free Lunch theorem holds, so these opinions are without merit unless the discussion is restricted to a particular problem. Often, GAs can rapidly locate good solutions, even for difficult search spaces. The same is of course also true for evolution strategies and evolutionary programming. For specific optimization problems and problem instances, other optimization algorithms may find better solutions than genetic algorithms (given the same amount of computation time). Alternative and complementary algorithms include evolution strategies, evolutionary programming, simulated annealing, Gaussian adaptation, hill climbing, and swarm intelligence (e.g.: ant colony optimization, particle swarm optimization) and methods based on integer linear programming. The question of which, if any, problems are suited to genetic algorithms (in the sense that such algorithms are better than others) is open and controversial. As with all current machine learning problems it is worth tuning the parameters such as mutation probability, recombination probability and population size to find reasonable settings for the problem class being worked on. A very small mutation rate may lead to genetic drift (which is non-ergodic in nature). A recombination rate that is too high may lead to premature convergence of the genetic algorithm. A mutation rate that is too high may lead to loss of good solutions unless there is elitist selection. There are theoretical but not yet practical upper and lower bounds for these parameters that can help guide selection. The implementation and evaluation of the fitness function is an important factor in the speed and efficiency of the algorithm.  Variants  The simplest algorithm represents each chromosome as a bit string. Typically, numeric parameters can be represented by integers, though it is possible to use floating point representations. The floating point representation is natural to evolution strategies and evolutionary programming. The notion of real-valued genetic algorithms has been offered but is really a misnomer because it does not really represent the building block theory that was proposed by Holland in the 1970s. This theory is not without support though, based on theoretical and experimental results (see below). The basic algorithm performs crossover and mutation at the bit level. Other variants treat the chromosome as a list of numbers which are indexes into an instruction table, nodes in a linked list, hashes, objects, or any other imaginable data structure. Crossover and mutation are performed so as to respect data element boundaries. For most data types, specific variation operators can be designed. Different chromosomal data types seem to work better or worse for different specific problem domains.  When bit strings representations of integers are used, Gray coding is often employed. In this way, small changes in the integer can be readily effected through mutations or crossovers. This has been found to help prevent premature convergence at so called Hamming walls, in which too many simultaneous mutations (or crossover events) must occur in order to change the chromosome to a better solution.  Other approaches involve using arrays of real-valued numbers instead of bit strings to represent chromosomes. Theoretically, the smaller the alphabet, the better the performance, but paradoxically, good results have been obtained from using real-valued chromosomes.  A very successful (slight) variant of the general process of constructing a new population is to allow some of the better organisms from the current generation to carry over to the next, unaltered. This strategy is known as elitist selection.  Parallel implementations of genetic algorithms come in two flavours. Coarse grained parallel genetic algorithms assume a population on each of the computer nodes and migration of individuals among the nodes. Fine grained parallel genetic algorithms assume an individual on each processor node which acts with neighboring individuals for selection and reproduction. Other variants, like genetic algorithms for online optimization problems, introduce time-dependence or noise in the fitness function.  It can be quite effective to combine GA with other optimization methods. GA tends to be quite good at finding generally good global solutions, but quite inefficient at finding the last few mutations to find the absolute optimum. Other techniques (such as simple hill climbing) are quite efficient at finding absolute optimum in a limited region. Alternating GA and hill climbing can improve the efficiency of GA while overcoming the lack of robustness of hill climbing.  This means that the rules of genetic variation may have a different meaning in the natural case. For instance - provided that steps are stored in consecutive order - crossing over may sum a number of steps from maternal DNA adding a number of steps from paternal DNA and so on. This is like adding vectors that more probably may follow a ridge in the phenotypic landscape. Thus, the efficiency of the process may be increased by many orders of magnitude. Moreover, the inversion operator has the opportunity to place steps in consecutive order or any other suitable order in favour of survival or efficiency. (See for instance [1] or example in travelling salesman problem.)  Population-based incremental learning is a variation where the population as a whole is evolved rather than its individual members.   Problem domains  Problems which appear to be particularly appropriate for solution by genetic algorithms include timetabling and scheduling problems, and many scheduling software packages are based on GAs. GAs have also been applied to engineering. Genetic algorithms are often applied as an approach to solve global optimization problems.  As a general rule of thumb genetic algorithms might be useful in problem domains that have a complex fitness landscape as recombination is designed to move the population away from local optima that a traditional hill climbing algorithm might get stuck in.   History  Computer simulations of evolution started as early as in 1954 with the work of Nils Aall Barricelli, who was using the computer at the Institute for Advanced Study in Princeton, New Jersey.[1] [2] His 1954 publication was not widely noticed. Starting in 1957 [3], the Australian quantitative geneticist Alex Fraser published a series of papers on simulation of artificial selection of organisms with multiple loci controlling a measurable trait. From these beginnings, computer simulation of evolution by biologists became more common in the early 1960s, and the methods were described in books by Fraser and Burnell (1970)[4] and Crosby (1973)[5]. Fraser's simulations included all of the essential elements of modern genetic algorithms. In addition, Hans Bremermann published a series of papers in the 1960s that also adopted a population of solution to optimization problems, undergoing recombination, mutation, and selection. Bremermann's research also included the elements of modern genetic algorithms. Other noteworthy early pioneers include Richard Friedberg, George Friedman, and Michael Conrad. Many early papers are reprinted by Fogel (1998).[6]  Although Barricelli, in work he reported in 1963, had simulated the evolution of ability to play a simple game,[7] artificial evolution became a widely recognized optimization method as a result of the work of Ingo Rechenberg and Hans-Paul Schwefel in the 1960s and early 1970s - Rechenberg's group was able to solve complex engineering problems through evolution strategies [8] [9] [10] [11]. Another approach was the evolutionary programming technique of Lawrence J. Fogel, which was proposed for generating artificial intelligence. Evolutionary programming originally used finite state machines for predicting environments, and used variation and selection to optimize the predictive logics. Genetic algorithms in particular became popular through the work of John Holland in the early 1970s, and particularly his book Adaptation in Natural and Artificial Systems (1975). His work originated with studies of cellular automata, conducted by Holland and his students at the University of Michigan. Holland introduced a formalized framework for predicting the quality of the next generation, known as Holland's Schema Theorem. Research in GAs remained largely theoretical until the mid-1980s, when The First International Conference on Genetic Algorithms was held in Pittsburgh, Pennsylvania.  As academic interest grew, the dramatic increase in desktop computational power allowed for practical application of the new technique. In the late 1980s, General Electric started selling the world's first genetic algorithm product, a mainframe-based toolkit designed for industrial processes. In 1989, Axcelis, Inc. released Evolver, the world's second GA product and the first for desktop computers. The New York Times technology writer John Markoff wrote[12] about Evolver in 1990.   Related techniques  Ant colony optimization (ACO) uses many ants (or agents) to traverse the solution space and find locally productive areas. While usually inferior to genetic algorithms and other forms of local search, it is able to produce results in problems where no global or up-to-date perspective can be obtained, and thus the other methods cannot be applied. Bacteriologic Algorithms (BA) inspired by evolutionary ecology and, more particularly, bacteriologic adaptation. Evolutionary ecology is the study of living organisms in the context of their environment, with the aim of discovering how they adapt. Its basic concept is that in a heterogeneous environment, you can't find one individual that fits the whole environment. So, you need to reason at the population level. BAs have shown better results than GAs on problems such as complex positioning problems (antennas for cell phones, urban planning, and so on) or data mining.[13] Cross-entropy method The Cross-entropy (CE) method generates candidates solutions via a parameterized probability distribution. The parameters are updated via cross-entropy minimization, so as to generate better samples in the next iteration. Cultural algorithm (CA) consists of the population component almost identical to that of the genetic algorithm and, in addition, a knowledge component called the belief space. Evolution strategies (ES, see Rechenberg, 1994) evolve individuals by means of mutation and intermediate and discrete recombination. ES algorithms are designed particularly to solve problems in the real-value domain. They use self-adaptation to adjust control parameters of the search. Evolutionary programming (EP) involves populations of solutions with primarily mutation and selection and arbitrary representations. They use self-adaptation to adjust parameters, and can include other variation operations such as combining information from multiple parents. Extremal optimization (EO) Unlike GAs, which work with a population of candidate solutions, EO evolves a single solution and makes local modifications to the worst components. This requires that a suitable representation be selected which permits individual solution components to be assigned a quality measure ("fitness"). The governing principle behind this algorithm is that of emergent improvement through selectively removing low-quality components and replacing them with a randomly selected component. This is decidedly at odds with a GA that selects good solutions in an attempt to make better solutions. Gaussian adaptation (normal or natural adaptation, abbreviated NA to avoid confusion with GA) is intended for the maximisation of manufacturing yield of signal processing systems. It may also be used for ordinary parametric optimisation. It relies on a certain theorem valid for all regions of acceptability and all Gaussian distributions. The efficiency of NA relies on information theory and a certain theorem of efficiency. Its efficiency is defined as information divided by the work needed to get the information[14]. Because NA maximises mean fitness rather than the fitness of the individual, the landscape is smoothed such that valleys between peaks may disappear. Therefore it has a certain ``ambition'' to avoid local peaks in the fitness landscape. NA is also good at climbing sharp crests by adaptation of the moment matrix, because NA may maximise the disorder (average information) of the Gaussian simultaneously keeping the mean fitness constant. Genetic programming (GP) is a related technique popularized by John Koza in which computer programs, rather than function parameters, are optimized. Genetic programming often uses tree-based internal data structures to represent the computer programs for adaptation instead of the list structures typical of genetic algorithms. Grouping Genetic Algorithm (GGA) is an evolution of the GA where the focus is shifted from individual items, like in classical GAs, to groups or subset of items.[15] The idea behind this GA evolution proposed by Emanuel Falkenauer is that solving some complex problems, a.k.a. clustering or partitioning problems where a set of items must be split into disjoint group of items in an optimal way, would better be achieved by making characteristics of the groups of items equivalent to genes. These kind of problems include Bin Packing, Line Balancing, Clustering w.r.t. a distance measure, Equal Piles, etc., on which classic GAs proved to perform poorly. Making genes equivalent to groups implies chromosomes that are in general of variable length, and special genetic operators that manipulate whole groups of items. For Bin Packing in particular, a GGA hybridized with the Dominance Criterion of Martello and Toth, is arguably the best technique to date. Harmony search (HS) is an algorithm mimicking musicians behaviors in improvisation process. Interactive evolutionary algorithms are evolutionary algorithms that use human evaluation. They are usually applied to domains where it is hard to design a computational fitness function, for example, evolving images, music, artistic designs and forms to fit users' aesthetic preference. Memetic algorithm (MA), also called hybrid genetic algorithm among others, is a relatively new evolutionary method where local search is applied during the evolutionary cycle. The idea of memetic algorithms comes from memes, which unlike genes, can adapt themselves. In some problem areas they are shown to be more efficient than traditional evolutionary algorithms. Simulated annealing (SA) is a related global optimization technique that traverses the search space by testing random mutations on an individual solution. A mutation that increases fitness is always accepted. A mutation that lowers fitness is accepted probabilistically based on the difference in fitness and a decreasing temperature parameter. In SA parlance, one speaks of seeking the lowest energy instead of the maximum fitness. SA can also be used within a standard GA algorithm by starting with a relatively high rate of mutation and decreasing it over time along a given schedule. Stochastic optimization is an umbrella set of methods that includes GAs and numerous other approaches. Tabu search (TS) is similar to Simulated Annealing in that both traverse the solution space by testing mutations of an individual solution. While simulated annealing generates only one mutated solution, tabu search generates many mutated solutions and moves to the solution with the lowest energy of those generated. In order to prevent cycling and encourage greater movement through the solution space, a tabu list is maintained of partial or complete solutions. It is forbidden to move to a solution that contains elements of the tabu list, which is updated as the solution traverses the solution space.  Building block hypothesis  Genetic algorithms are relatively simple to implement, but their behavior is difficult to understand. In particular it is difficult to understand why they are often successful in generating solutions of high fitness. The building block hypothesis (BBH) consists of:  A description of an abstract adaptive mechanism that performs adaptation by recombining ``building blocks", i.e. low order, low defining-length schemata with above average fitness. A hypothesis that a genetic algorithm performs adaptation by implicitly and efficiently implementing this abstract adaptive mechanism. (Goldberg 1989:41) describes the abstract adaptive mechanism as follows:  Short, low order, and highly fit schemata are sampled, recombined [crossed over], and resampled to form strings of potentially higher fitness. In a way, by working with these particular schemata [the building blocks], we have reduced the complexity of our problem; instead of building high-performance strings by trying every conceivable combination, we construct better and better strings from the best partial solutions of past samplings. Just as a child creates magnificent fortresses through the arrangement of simple blocks of wood [building blocks], so does a genetic algorithm seek near optimal performance through the juxtaposition of short, low-order, high-performance schemata, or building blocks. (Goldberg 1989) claims that the building block hypothesis is supported by Holland's schema theorem.  The building block hypothesis has been sharply criticized on the grounds that it lacks theoretical justification and experimental results have been published that draw its veracity into question. On the theoretical side, for example, Wright et al. state that  "The various claims about GAs that are traditionally made under the name of the building block hypothesis have, to date, no basis in theory and, in some cases, are simply incoherent"[16] On the experimental side uniform crossover was seen to outperform one-point and two-point crossover on many of the fitness functions studied by Syswerda.[17] Summarizing these results, Fogel remarks that  "Generally, uniform crossover yielded better performance than two-point crossover, which in turn yielded better performance than one-point crossover"[18] Syswerda's results contradict the building block hypothesis because uniform crossover is extremely disruptive of short schemata whereas one and two-point crossover are more likely to conserve short schemata and combine their defining bits in children produced during recombination.  The debate over the building block hypothesis demonstrates that the issue of how GAs ``work", (i.e. perform adaptation) is currently far from settled.   See also  Algorithmic efficiency Holland's schema theorem Genetic programming Fitness approximation  Applications  Artificial Creativity Automated design, including research on composite material design and multi-objective design of automotive components for crashworthiness, weight savings, and other characteristics. Automated design of mechatronic systems using bond graphs and genetic programming (NSF). Automated design of industrial equipment using catalogs of exemplar lever patterns. Automated design of sophisticated trading systems in the financial sector. Building phylogenetic trees.[19] Calculation of Bound states and Local-density approximations. Chemical kinetics (gas and solid phases) Configuration applications, particularly physics applications of optimal molecule configurations for particular systems like C60 (buckyballs). Container loading optimization. Code-breaking, using the GA to search large solution spaces of ciphers for the one correct decryption.[20] Design of water distribution systems. Distributed computer network topologies. Electronic circuit design, known as Evolvable hardware. File allocation for a distributed system. Parallelization of GAs/GPs including use of hierarchical decomposition of problem domains and design spaces nesting of irregular shapes using feature matching and GAs. Game Theory Equilibrium Resolution. Gene expression profiling analysis.[21] Learning Robot behavior using Genetic Algorithms. Learning fuzzy rule base using genetic algorithms. Linguistic analysis, including Grammar Induction and other aspects of Natural Language Processing (NLP) such as word sense disambiguation. Marketing Mix Analysis Mobile communications infrastructure optimization. Molecular Structure Optimization (Chemistry). Multiple criteria production scheduling.[22] Multiple population topologies and interchange methodologies. Mutation testing Operon prediction.[23] Optimisation of data compression systems, for example using wavelets. Pop music record producer[24]. Protein folding and protein/ligand docking.[25] Plant floor layout. Representing rational agents in economic models such as the cobweb model. Bioinformatics: RNA structure prediction.[26] Bioinformatics: [Multiple Sequence Alignment].[27]. SAGA is available on: [2]. Bioinformatics Multiple sequence alignment.[28] Scheduling applications, including job-shop scheduling. The objective being to schedule jobs in a sequence dependent or non-sequence dependent setup environment in order to maximize the volume of production while minimizing penalties such as tardiness. Selection of optimal mathematical model to describe biological systems. Software engineering Solving the machine-component grouping problem required for cellular manufacturing systems. Tactical asset allocation and international equity strategies. Timetabling problems, such as designing a non-conflicting class timetable for a large university. Training artificial neural networks when pre-classified training examples are not readily obtainable (neuroevolution). Traveling Salesman Problem. Finding hardware bugs. [29] [30] Wireless Sensor/Ad-hoc Networks. [31] Data Center/Server Farm. [32]  Notes  ^ Barricelli, Nils Aall (1954). ``Esempi numerici di processi di evoluzione". Methodos: 45--68. ^ Barricelli, Nils Aall (1957). ``Symbiogenetic evolution processes realized by artificial methods". Methodos: 143--182. ^ Fraser, Alex (1957). ``Simulation of genetic systems by automatic digital computers. I. Introduction". Aust. J. Biol. Sci. 10: 484--491. ^ Fraser, Alex; Donald Burnell (1970). Computer Models in Genetics. New York: McGraw-Hill. ^ Crosby, Jack L. (1973). Computer Simulation in Genetics. London: John Wiley & Sons. ^ Fogel, David B. (editor) (1998). Evolutionary Computation: The Fossil Record. New York: IEEE Press. ^ Barricelli, Nils Aall (1963). ``Numerical testing of evolution theories. Part II. Preliminary tests of performance, symbiogenesis and terrestrial life". Acta Biotheoretica (16): 99--126. ^ Rechenberg, Ingo (1973). Evolutionsstrategie. Stuttgart: Holzmann-Froboog. ^ Schwefel, Hans-Paul (1974). Numerische Optimierung von Computer-Modellen (PhD thesis). ^ Schwefel, Hans-Paul (1977). Numerische Optimierung von Computor-Modellen mittels der Evolutionsstrategie : mit einer vergleichenden Einf{\"u}hrung in die Hill-Climbing- und Zufallsstrategie. Basel; Stuttgart: Birkh{\"a}user. ISBN 3764308761. ^ Schwefel, Hans-Paul (1981). Numerical optimization of computer models (Translation of 1977 Numerische Optimierung von Computor-Modellen mittels der Evolutionsstrategie. Chichester ; New York: Wiley. ISBN 0471099880. ^ Markoff, John (1989). "What's the Best Answer? It's Survival of the Fittest". New York Times. ^ Baudry, Benoit; Franck Fleurey, Jean-Marc J{\'e}z{\'e}quel, and Yves Le Traon (March/April 2005). ``Automatic Test Case Optimization: A Bacteriologic Algorithm'' (PDF). IEEE Software (IEEE Computer Society) 22: 76--82. doi:10.1109/MS.2005.30. ^ Kjellstr{\"o}m, G. (December 1991). ``On the Efficiency of Gaussian Adaptation". Journal of Optimization Theory and Applications 71 (3): 589--597. doi:10.1007/BF00941405. ^ Falkenauer, Emanuel (1997). Genetic Algorithms and Grouping Problems. Chichester, England: John Wiley & Sons Ltd. ISBN 978-0-471-97150-4. ^ Wright, A.H.; et al. (2003). ``Implicit Parallelism". Proceedings of the Genetic and Evolutionary Computation Conference. ^ Syswerda, G. (1989). ``Uniform crossover in genetic algorithms". J. D. Schaffer Proceedings of the Third International Conference on Genetic Algorithms, Morgan Kaufmann. ^ Fogel, David B. (2000). Evolutionary Computation: Towards a New Philosophy of Machine Intelligence. New York: IEEE Press. pp. 140. ^ Hill T, Lundgren A, Fredriksson R, Schi{\"o}th HB (2005). ``Genetic algorithm for large-scale maximum parsimony phylogenetic analysis of proteins". Biochimica et Biophysica Acta 1725: 19--29. PMID 15990235. ^ Joachim De Zutter ``Codebreaking'' ^ To CC, Vohradsky J (2007). ``A parallel genetic algorithm for single class pattern classification and its application for gene expression profiling in Streptomyces coelicolor". BMC Genomics 8: 49. doi:10.1186/1471-2164-8-49. PMID 17298664. ^ Bagchi Tapan P (1999). Multiobjective Scheduling by Genetic Algorithms. ^ Wang S, Wang Y, Du W, Sun F, Wang X, Zhou C, Liang Y (2007). ``A multi-approaches-guided genetic algorithm with application to operon prediction". Artificial Intelligence in Medicine 41: 151--159. doi:10.1016/j.artmed.2007.07.010. PMID 17869072. ^ BBC News | Entertainment | To the beat of the byte ^ Willett P (1995). "Genetic algorithms in molecular recognition and design". Trends in Biotechnology 13: 516--521. doi:10.1016/S0167-7799(00)89015-0. PMID 8595137. ^ van Batenburg FH, Gultyaev AP, Pleij CW (1995). ``An APL-programmed genetic algorithm for the prediction of RNA secondary structure". Journal of Theoretical Biology 174: 269--280. doi:10.1006/jtbi.1995.0098. PMID 7545258. ^ Notredame C, Higgins DG (1995). ``SAGA a Genetic Algorithm for Multiple Sequence Alignment". Nulceic Acids Research 174: 1515. PMID 8628686. ^ Gondro C, Kinghorn BP (2007). ``A simple genetic algorithm for multiple sequence alignment". Genetics and Molecular Research 6: 964--982. PMID 18058716. ^ Hitoshi Iba, Sumitaka Akiba, Tetsuya Higuchi, Taisuke Sato: BUGS: A Bug-Based Search Strategy using Genetic Algorithms. PPSN 1992: ^ Ibrahim, W. and Amer, H.: An Adaptive Genetic Algorithm for VLSI Test Vector Selection ^ BiSNET/e - Distributed Software Systems Group, University of Massachusetts, Boston ^ SymbioticSphere - Distributed Software Systems Group, University of Massachusetts, Boston  References  Banzhaf, Wolfgang; Nordin, Peter; Keller, Robert; Francone, Frank (1998) Genetic Programming - An Introduction, Morgan Kaufmann, San Francisco, CA. Bies, Robert R; Muldoon, Matthew F; Pollock, Bruce G; Manuck, Steven; Smith, Gwenn and Sale, Mark E (2006). ``A Genetic Algorithm-Based, Hybrid Machine Learning Approach to Model Selection". Journal of Pharmacokinetics and Pharmacodynamics (Netherlands: Springer): 196--221. Fraser, Alex S. (1957). ``Simulation of Genetic Systems by Automatic Digital Computers. I. Introduction". Australian Journal of Biological Sciences 10: 484--491. Goldberg, David E (1989), Genetic Algorithms in Search, Optimization and Machine Learning, Kluwer Academic Publishers, Boston, MA. Goldberg, David E (2002), The Design of Innovation: Lessons from and for Competent Genetic Algorithms, Addison-Wesley, Reading, MA. Fogel, David B (2006), Evolutionary Computation: Toward a New Philosophy of Machine Intelligence, IEEE Press, Piscataway, NJ. Third Edition Holland, John H (1975), Adaptation in Natural and Artificial Systems, University of Michigan Press, Ann Arbor Koza, John (1992), Genetic Programming: On the Programming of Computers by Means of Natural Selection, MIT Press. ISBN 0-262-11170-5 Michalewicz, Zbigniew (1999), Genetic Algorithms + Data Structures = Evolution Programs, Springer-Verlag. Mitchell, Melanie, (1996), An Introduction to Genetic Algorithms, MIT Press, Cambridge, MA. Poli, R., Langdon, W. B., McPhee, N. F. (2008). A Field Guide to Genetic Programming. Lulu.com, freely available from the internet. ISBN 978-1-4092-0073-4. Rechenberg, Ingo (1994): Evolutionsstrategie '94, Stuttgart: Fromman-Holzboog. Schmitt, Lothar M; Nehaniv, Chrystopher L; Fujii, Robert H (1998), Linear analysis of genetic algorithms, Theoretical Computer Science 208: 111-148 Schmitt, Lothar M (2001), Theory of Genetic Algorithms, Theoretical Computer Science 259: 1-61 Schmitt, Lothar M (2004), Theory of Genetic Algorithms II: models for genetic operators over the string-tensor representation of populations and convergence to global optima for arbitrary fitness function under scaling, Theoretical Computer Science 310: 181-231 Schwefel, Hans-Paul (1974): Numerische Optimierung von Computer-Modellen (PhD thesis). Reprinted by Birkh{\"a}user (1977). Vose, Michael D (1999), The Simple Genetic Algorithm: Foundations and Theory, MIT Press, Cambridge, MA. Whitley, D. (1994). A genetic algorithm tutorial. Statistics and Computing 4, 65--85.  External links  [3] Search of Global Minimum by genetic algorithme  Controversy  The Fundamental Problem with the Building Block Hypothesis A description and critique of the assumptions that undergird the building block hypothesis  Applications  Genetic Arm Simulation of a mechanical arm trained using genetic algorithms. Custom goals can be defined using a scripting language. A sample video is available on page. Antenna optimization for NASA A successful application of genetic algorithms. Genesis-SGA Seo genetic Algorithm Genetic algorithms applied to the theme SEO (Search Engine Optimization)  Resources  DigitalBiology.NET Vertical search engine for GA/GP resources Genetic Algorithms Index The site Genetic Programming Notebook provides a structured resource pointer to web pages in Genetic Algorithms field  Tutorials  A Field Guide to Genetic Programming A book, freely downloadable under a Creative Commons license. Introduction to Genetic Algorithms with interactive Java applets For experimenting with GAs online A Practical Tutorial on Genetic Algorithm Programming a Genetic Algorithm step by step. A Genetic Algorithm Tutorial by Darrell Whitley Computer Science Department Colorado State University An excellent tutorial with lots of theory Cross discipline example applications for GAs with references. Global Optimization Algorithms - Theory and Application  Libraries  Jenes An optimized Java library for Genetic Algorithms. Pyevolve A python framework for Genetic Algorithms. ParadisEO A powerful C++ framework dedicated to the reusable design of metaheuristics, included genetic algorithms. Genetic Algorithms in Ruby GAlib A C++ Library of Genetic Algorithm Components GAEDALib A C++ Library of Evolutive Algotithms (GAs, EDAs, DEs and others) based in GAlib, and supporting to MOS and parallel computing Jenetics Genetic Algorithm Library written in Java. A Fortran code (PIKAIA) with a tutorial by Paul Charbonneau and Barry Knapp, National Center for Atmospheric Research. An excellent tutorial and a versatile public domain code. PIKAIA is also available in a version for Microsoft Excel, as well as a parallel processing version. ga Genetic Algorithm in MATLAB (How GA in MATLAB works) gamultiobj Multitobjective Genetic Algorithm in MATLAB GARAGe Michigan State University's Genetic Algorithm library in C, GALLOPS speedyGA A fast lightweight genetic algorithm in Matlab. GAOT The Genetic Algorithm Optimization Toolbox (GAOT) for Matlab, by NCSU JGAP Java Genetic Algorithms Package features comprehensive unit tests Retrieved from ``http://en.wikipedia.org/wiki/Genetic_algorithm'' Categories: Cybernetics | Intelligence | Genetic algorithms | Search algorithms Hidden categories: All articles with unsourced statements | Articles with unsourced statements since January 2009 | Articles with unsourced statements since August 2007 | Articles with unsourced statements since November 2008 This page was last modified on 24 April 2009, at 14:54 (UTC). All text is available under the terms of the GNU Free Documentation License. (See Copyrights for details.) Wikipedia{\textregistered} is a registered trademark of the Wikimedia Foundation, Inc., a U.S. registered 501(c)(3) tax-deductible nonprofit charity.},
	Author = {Wikipedia},
	Date-Added = {2009-04-26 16:30:26 +0200},
	Date-Modified = {2009-04-26 16:58:29 +0200},
	Keywords = {genetic algorithms,wikipedia},
	Title = {http://en.wikipedia.org/wiki/{G}enetic\_algorithm},
	Url = {http://en.wikipedia.org/wiki/Genetic_algorithm}}

@other{WikiAurBlu,
	Abstract = {Aurelia and Blue Moon  From Wikipedia, the free encyclopedia Aurelia and Blue Moon are hypothetical examples of a planet and a moon on which extraterrestrial life could evolve. They are the outcome of a collaboration between television company Blue Wave Productions Ltd. and a group of American and British scientists who were collectively commissioned by National Geographic. The team used a combination of accretion theory, climatology, and xenobiology to imagine the most likely locations for extraterrestrial life and most probable evolutionary path such life would take.  The beginning concepts appeared in a two-part television broadcast called Alien Worlds, aired in 2005 in the UK by Channel 4. Channel 4 has also released a DVD of the programme. The show was also aired on the National Geographic Channel as Extraterrestrial.  The first program in the series focused on Aurelia, a hypothetical Earth-sized extrasolar planet orbiting a red dwarf star in our local area of the milky way. This hypothetical world might resemble the recently discovered real exoplanet Gliese 581 d. The second focuses on a moon called Blue Moon, which orbits an enormous gas giant that is itself orbiting a binary star system. In turn, Blue Moon and its parent gas giant may resemble HD 28185 b and 55 Cancri f, two other real exoplanets. The show blurred the lines between science fiction and science fact.  Contents  1 Reasons for theorizing 2 Aurelia 2.1 Tidal lock 2.2 Traditional theories 2.3 Traditional assumptions tested 2.4 Continued theories 3 Blue Moon 4 See also 5 References 6 External links  Reasons for theorizing   Life (as we know it) is believed to only be able to form in the ``habitable zone'' around a parent star. Note how close the planet has to be in the case of a red dwarf. Discoveries regarding extra solar planets were first published in 1989 raising the prospect of whether life (as we know it or imagine it) could be supported on other planets. It is currently believed that for this to happen a planet must orbit in a relatively narrow band around its parent star, where temperatures are suitable for water to exist as a liquid. This region is called the habitable zone.  The smallest non-pulsar planet yet found (as of April 2009), Gliese 581 e, has a mass larger than Earth's and orbits the red dwarf star Gliese 581. All currently known smaller extra solar bodies orbit pulsar PSR 1257+12.  The sensitivity of current detection methods makes it difficult for scientists to search for terrestrial planets smaller than this. To allow smaller bodies to be detected, NASA is studying a project called the Terrestrial Planet Finder (TPF), a two-telescope concept slated to begin launching around 2014. However, Congressional spending limits under House Resolution 20 passed on January 31, 2007 by the U.S. House of Representatives and February 14 by the U.S. Senate have all but canceled the program.  Prior to the TPF's cancellation, astrophysicists had begun speculating about the best places to point the telescope in order to find Earth-like planets. While life on earth has formed around a stable yellow dwarf, solar twins are not as common in the galaxy as red dwarf stars (which have a mass of less than one-half that of the Sun and consequently emit less heat), or bigger, brighter Blue giants. In addition, it is estimated that more than a quarter of all stars are at least binary systems, with as many as 10% of these systems containing more than two stars (trinary etc.)---unlike our own sun, which has no companion. Therefore it may be prudent to consider how life might evolve in such environments. Such speculation may still be of use should a future planet-finding telescope be launched.   Aurelia  The scientists on the project theorized that aiming the TPF at a red dwarf star might yield the best opportunities for seeing smaller planets. Due to the slow rate at which they burn hydrogen, red dwarfs have an enormous estimated lifespan; allowing plenty of time for life to evolve on surrounding planets.   Tidal lock  However, the dwarf's smaller nature and feeble heat/light output would mean that such a planet would need to be particularly close to the star's surface. The cost of such an orbit would be that an Earth-sized body would become tidally locked. When this happens, the object presents the same face to its parent at all times as it orbits, just as the Moon does with the Earth (more technically, one sidereal day is exactly equal to one year for the orbiting body).   Traditional theories  Traditional scientific theories proposed that such a tidally locked planet might be incapable of holding on to an atmosphere. Having such a slow rotation would weaken the magnetic effect that protects the atmosphere from being blown away by solar wind (see Rare Earth hypothesis).   Traditional assumptions tested  Nonetheless, the scientists employed by the programme decided to test the traditional assumptions for such a planet and start a model out for it from a proplyd through to its eventual death. Their estimations suggested such a planet could indeed hold on to its atmosphere, although with freakishly unusual results by Earth standards. Half of Aurelia would be in perpetual darkness and would be in a permanent ice age. The other half would contain a giant, unending hurricane with permanent torrential rain at the point directly opposite the local star. In between these two zones would be a place suitable for life.   Continued theories  The theorizations continued, and assuming that there was land in this habitable zone, it would be likely to form large networks of river deltas and swampland, due to rain runoff from the nearby storm.  At the far end of assumptions about Aurelia were attempts to construct lifeforms based on Earthly evolutionary models and how ecosystems might develop. The scientists assumptions included the idea that the long life of a red dwarf allows for evolution to fine tune any ecosystem on the planet. The scientists involved in the project hypothesized that the vast majority, if not all, of extra-solar biology will be carbon based.  This assumption is often referred to by critics as carbon chauvinism, as it may be possible for life to form that is not based on carbon. However, carbon is more flexible than other elements, allowing life it is made of to evolve at a much faster rate. Since all environments are likely to undergo massive change, this is vital.  From this carbon-based hypothesis the scientific team assumed some form of staple photosynthesizing animal/plant combination would be the principle autotroph. They decided upon a plant-like creature called a Stinger Fan. It has five hearts and limited mobility. Its fan-like leaves trap the red dwarf star's energy to produce sugars. Its hearts pump them around its body.[1]  Feeding upon the Stinger Fans are six-legged semi-amphibious creatures called Mudpods, somewhat like a cross between a beaver and a large newt with the eyes of a snail. Upon that animal, a large emu-like carnivore, a Gulphog, is the main predator. Finally, with no apparent explanation from within the Alien Worlds program, there is a second semi-amphibious creature called the Hysteria which was a cross between a plague of tadpoles and piranha. These tiny creatures can form one huge super organism and move together up banks to paralyze and consume other animals.  The planet's ecosystem suffers from a number of particular peculiarities, most notably evolutionary quirks to allow all living organisms to detect and avoid solar flares. Red dwarf stars are unstable and eject frequent solar flares. Such intense ultraviolet radiation is deadly to all carbon-based life forms as it breaks down the atomic bonds formed by organic compounds. However, the flare stage might only be when they are relatively young. See, Habitability of red dwarf systems   Blue Moon   A hypothetical rendition of The Blue Moon orbiting high above the plane of its parent gas giant planet. Blue Moon is covered in life-giving water and an atmosphere so dense that enormous creatures can take flight. The Blue Moon orbits a Water Cloud Jovian planet (a Jupiter-like planet that is cool enough to have visible rain clouds in its atmosphere) orbiting a close binary star system. The Blue Moon itself is roughly an earth mass but has an air pressure around three times that of Earth's at sea level.  A distinguishing feature of Blue Moon is that it has no polar ice caps: the thick atmosphere keeps temperatures constant across the moon's surface. There is also a greenish haze over the moon from large carpets of floating moss and algae.  The denser atmosphere allows more massive creatures to remain airborne than on Earth. Skywhales, gargantuan whale-like animals which evolved away from the ocean into the air, fill the ecological niche this creates. Because of the increased muscle power from excess atmospheric oxygen, these creatures can have wingspans of ten metres and remain airborne their entire lives. They feed on the previously mentioned air moss.  Humans could not live on the Blue Moon: the high levels of oxygen push the atmosphere to the brink of spontaneous combustion during lightning storms. Carbon dioxide levels are thirty times higher than on Earth making the air clammy and warm. Like our moon, Blue Moon is ``tidally locked", meaning it keeps the same side of the moon faced towards its planet.  With an orbital time of roughly ten days, that means five days of continuous night and five days of continuous daytime. The long days and nights also create strong cross-hemisphere winds that help keep the Skywhales afloat, in addition to the density of the atmosphere.  The Skywhales are prey to the insectoid Caped Stalkers, colony-living predators that have several different tasks. Scouts find Skywhales and mark them with a special scent, then return to the nest to spread the word. Workers then swarm out in huge numbers, detecting the whale and working together to bring them down from the sky and kill them. Finally, there is a Queen, who stays in the nest and constantly lays eggs that become new Stalkers. The Stalkers are also prey, for the Pagoda branches are draped with the lethal webs of the plant-like Ghost traps. Once a Stalker is helplessly caught in a Ghost trap web, the carnivore uses its tentacles to lift its catch up into its mouth, to be digested in a primitive stomach of acid.  As well as Skywhales, giant Kites also fly above the forest canopy. These parasole-like grazers can grow up to five metres in diameter and still stay airborne. Their tethers help control their floating, whiles their jellyfish-like tentacles snatch Helibug larv{\ae} from the water-filled skyponds. Helibugs have a trilaterally symmetrical body plan, with three eyes, three wings, three legs, three mouth parts and three tongues.  The entire Blue Moon land mass is coated in two main plant types, the Pagoda Trees and the Balloon Plants. Pagoda Trees interconnect with each other to allow them to grow 700 feet high. Their hollow leaves collect rainwater, since the trees are too tall to draw it from the ground. Balloon Plants release their seeds by filling them with hydrogen to float in the dense atmosphere, in a similar way to kelp on Earth.   See also  Concepts and theories Origin of life Panspermia Planetary habitability Snaiad Terraforming Xenolinguistics Research efforts Darwin IV NASA Astrobiology Institute SETI Alien Planet, a similar program on the Discovery Channel  References  ^ ``Alien Worlds: Stinger Fan". Retrieved on 2007-04-29.  External links  National Geographic: ``Extraterrestrial'' Retrieved from ``http://en.wikipedia.org/wiki/Aurelia_and_Blue_Moon'' Categories: Fictional planets Hidden categories: All articles with unsourced statements | Articles with unsourced statements since January 2009 This page was last modified on 23 April 2009, at 23:15 (UTC). All text is available under the terms of the GNU Free Documentation License. (See Copyrights for details.) Wikipedia{\textregistered} is a registered trademark of the Wikimedia Foundation, Inc., a U.S. registered 501(c)(3) tax-deductible nonprofit charity.},
	Author = {Wikipedia},
	Date-Added = {2009-04-26 16:34:35 +0200},
	Date-Modified = {2009-04-26 16:58:04 +0200},
	Keywords = {aurelia,blue moon,wikipedia,},
	Title = {http://en.wikipedia.org/wiki/{A}urelia\_and\_{B}lue\_{M}oon},
	Url = {http://en.wikipedia.org/wiki/Aurelia_and_Blue_Moon}}

@other{WikiCelAut,
	Abstract = {Cellular automaton  From Wikipedia, the free encyclopedia Gosper's Glider Gun creating "gliders'' in the cellular automaton Conway's Game of Life. This is by no means the most complex pattern devised: Conway and his students devised a pattern with 1013 cells, that acts as a Turing complete computer.[1] A cellular automaton (plural: cellular automata) is a discrete model studied in computability theory, mathematics, theoretical biology and microstructure modeling. It consists of a regular grid of cells, each in one of a finite number of states, ``On'' and ``Off'' for example. The grid can be in any finite number of dimensions. For each cell, a set of cells called its neighborhood (usually including the cell itself) is defined relative to the specified cell. For example, the neighborhood of a cell might be defined as the set of cells a distance of 2 or less from the cell. An initial state (time t=0) is selected by assigning a state for each cell. A new generation is created (advancing t by 1), by making the new state of each cell a value according to a rule that depends on the current state of the cell and the states of the cells in its neighborhood. For example, the rule might be that the cell is ``On'' in the next generation if exactly two of the cells in the neighborhood are ``On'' in the current generation, otherwise the cell is ``Off'' in the next generation. The rule for updating must be the same for each cell and does not change over time. Each generation the rules are applied to the whole grid simultaneously.},
	Author = {Wikipedia},
	Date-Added = {2009-04-26 16:33:04 +0200},
	Date-Modified = {2009-04-26 16:58:36 +0200},
	Keywords = {cellular automata,wikipedia},
	Title = {http://en.wikipedia.org/wiki/{C}ellular\_automata},
	Url = {http://en.wikipedia.org/wiki/Cellular_automata}}
